<zs:record>
      <zs:recordPacking>xml</zs:recordPacking>
      <zs:recordData>
        <record xmlns="http://www.loc.gov/MARC21/slim">
          <leader>00568nz a2200145 4500</leader>
          <controlfield tag="001">30000636</controlfield>
          <controlfield tag="003">RISM</controlfield>
          <controlfield tag="005">20121108</controlfield>
          <controlfield tag="008">121108n||az|||||||##########||||||||||||</controlfield>
          <datafield tag="043" ind1=" " ind2=" ">
            <subfield code="c">Germany</subfield>
          </datafield>
          <datafield tag="110" ind1="2" ind2=" ">
            <subfield code="a">Diözesanbibliothek Aachen im Katechetischen Institut</subfield>
            <subfield code="c">Aachen</subfield>
            <subfield code="g">D-AAd</subfield>
          </datafield>
          <datafield tag="410" ind1="2" ind2=" ">
            <subfield code="a">Bischöfliche Diözesanbibliothek</subfield>
          </datafield>
          <datafield tag="622" ind1=" " ind2=" ">
            <subfield code="e">Diözesanbibliothek Aachen im, Katechetischen Institut, Eupener Str. 132, 52066 Aachen,
              Germany</subfield>
            <subfield code="u">http://dioezesanbibliothek.kibac.de/</subfield>
          </datafield>
          <datafield tag="680" ind1="2" ind2=" ">
            <subfield code="i">Historisch wertvolle Bestände befinden sich im Magazin Mozartstraße.</subfield>
          </datafield>
          <datafield tag="852" ind1="2" ind2=" ">
            <subfield code="b">50.75378, 6.08443</subfield>
          </datafield>
          <idzebra xmlns="http://www.indexdata.dk/zebra/">
            <size>568</size>
            <score>598</score>
            <localnumber>830504</localnumber>
            <filename>sigla/sigla.mrc</filename>
          </idzebra>
        </record>
      </zs:recordData>
      <zs:recordPosition>320</zs:recordPosition>
    </zs:record>