<zs:record>
      <zs:recordPacking>xml</zs:recordPacking>
      <zs:recordData>
        <record xmlns="http://www.loc.gov/MARC21/slim">
          <leader>00393nz a2200121 4500</leader>
          <controlfield tag="001">30000641</controlfield>
          <controlfield tag="003">RISM</controlfield>
          <controlfield tag="005">20121108</controlfield>
          <controlfield tag="008">121108n||az|||||||##########||||||||||||</controlfield>
          <datafield tag="043" ind1=" " ind2=" ">
            <subfield code="c">Germany</subfield>
          </datafield>
          <datafield tag="110" ind1="2" ind2=" ">
            <subfield code="a">Fürstlich Leiningensche Bibliothek</subfield>
            <subfield code="c">Amorbach</subfield>
            <subfield code="g">D-AB</subfield>
          </datafield>
          <datafield tag="622" ind1=" " ind2=" ">
            <subfield code="e">Fürstlich Leiningensche Bibliothek, Postfach 25, Konventgebäude, 63916 Amorbach,
              Deutschland</subfield>
            <subfield code="u">http://www.fuerst-leiningen.de</subfield>
          </datafield>
          <datafield tag="670" ind1="2" ind2=" ">
            <subfield code="a">503</subfield>
          </datafield>
          <idzebra xmlns="http://www.indexdata.dk/zebra/">
            <size>393</size>
            <score>598</score>
            <localnumber>830508</localnumber>
            <filename>sigla/sigla.mrc</filename>
          </idzebra>
        </record>
      </zs:recordData>
      <zs:recordPosition>324</zs:recordPosition>
    </zs:record>