<zs:record>
      <zs:recordPacking>xml</zs:recordPacking>
      <zs:recordData>
        <record xmlns="http://www.loc.gov/MARC21/slim">
          <leader>00617nz a2200145 4500</leader>
          <controlfield tag="001">30000642</controlfield>
          <controlfield tag="003">RISM</controlfield>
          <controlfield tag="005">20121108</controlfield>
          <controlfield tag="008">121108n||az|||||||##########||||||||||||</controlfield>
          <datafield tag="043" ind1=" " ind2=" ">
            <subfield code="c">D</subfield>
          </datafield>
          <datafield tag="110" ind1="2" ind2=" ">
            <subfield code="a">Schloß Fasanerie, Hessische Hausstiftung, Archiv und Bibliothek</subfield>
            <subfield code="c">Eichenzell</subfield>
            <subfield code="g">D-AD</subfield>
          </datafield>
          <datafield tag="410" ind1="2" ind2=" ">
            <subfield code="a">Adolfseck bei Fulda, Schloß Fasanerie, Bibliothek der Kurhessischen
              Hausstiftung</subfield>
          </datafield>
          <datafield tag="410" ind1="2" ind2=" ">
            <subfield code="a">Schloß Fasanerie, Bibliothek der Kurhessischen Hausstiftung</subfield>
          </datafield>
          <datafield tag="622" ind1=" " ind2=" ">
            <subfield code="e">Schloß Fasanerie, Hessische, Hausstiftung, Archiv und Bibliothek, D-65307 Bad
              Schwalbach-Adolfseck</subfield>
            <subfield code="u">http://www.schloss-fasanerie.de</subfield>
          </datafield>
          <datafield tag="852" ind1="2" ind2=" ">
            <subfield code="b">50.4951275, 9.6948229</subfield>
          </datafield>
          <idzebra xmlns="http://www.indexdata.dk/zebra/">
            <size>617</size>
            <localnumber>835542</localnumber>
            <filename>sigla/sigla.mrc</filename>
          </idzebra>
        </record>
      </zs:recordData>
      <zs:recordPosition>1354</zs:recordPosition>
    </zs:record>