<zs:record>
      <zs:recordPacking>xml</zs:recordPacking>
      <zs:recordData>
        <record xmlns="http://www.loc.gov/MARC21/slim">
          <leader>00551nz a2200145 4500</leader>
          <controlfield tag="001">30000037</controlfield>
          <controlfield tag="003">RISM</controlfield>
          <controlfield tag="005">20121108</controlfield>
          <controlfield tag="008">121108n||az|||||||##########||||||||||||</controlfield>
          <datafield tag="043" ind1=" " ind2=" ">
            <subfield code="c">Germany</subfield>
          </datafield>
          <datafield tag="110" ind1="2" ind2=" ">
            <subfield code="a">Evangelisch-lutherisches Pfarramt der Stadtkirche St. Petri, Musiksammlung</subfield>
            <subfield code="c">Augustusburg</subfield>
            <subfield code="g">D-AG</subfield>
          </datafield>
          <datafield tag="410" ind1="2" ind2=" ">
            <subfield code="a">Pfarrarchiv, Musiksammlung</subfield>
          </datafield>
          <datafield tag="622" ind1=" " ind2=" ">
            <subfield code="e">Evangelisch-lutherisches Pfarramt der, Stadtkirche St. Petri, Musiksammlung,
              &lt;Augustusburg&gt;, Pfarrgasse 1, 09573 Augustusburg</subfield>
            <subfield code="u">http://www.kirche-augustusburg.de/</subfield>
          </datafield>
          <datafield tag="680" ind1="2" ind2=" ">
            <subfield code="i">Arbeitsst.: Dresden</subfield>
          </datafield>
          <datafield tag="670" ind1="2" ind2=" ">
            <subfield code="a">2215</subfield>
          </datafield>
          <idzebra xmlns="http://www.indexdata.dk/zebra/">
            <size>551</size>
            <localnumber>836049</localnumber>
            <filename>sigla/sigla.mrc</filename>
          </idzebra>
        </record>
      </zs:recordData>
      <zs:recordPosition>1473</zs:recordPosition>
    </zs:record>