<zs:record>
      <zs:recordPacking>xml</zs:recordPacking>
      <zs:recordData>
        <record xmlns="http://www.loc.gov/MARC21/slim">
          <leader>00386nz a2200121 4500</leader>
          <controlfield tag="001">30000631</controlfield>
          <controlfield tag="003">RISM</controlfield>
          <controlfield tag="005">20121108</controlfield>
          <controlfield tag="008">121108n||az|||||||##########||||||||||||</controlfield>
          <datafield tag="043" ind1=" " ind2=" ">
            <subfield code="c">Germany</subfield>
          </datafield>
          <datafield tag="110" ind1="2" ind2=" ">
            <subfield code="a">Verlagsarchiv Anton Böhm &amp; Sohn</subfield>
            <subfield code="c">Augsburg</subfield>
            <subfield code="g">D-Ab</subfield>
          </datafield>
          <datafield tag="622" ind1=" " ind2=" ">
            <subfield code="e">Verlagsarchiv Anton Böhm &amp; Sohn, Lange Gasse 26, 86152 Augsburg, Germany</subfield>
            <subfield code="u">http://www.boehm-und-sohn.de</subfield>
          </datafield>
          <datafield tag="852" ind1="2" ind2=" ">
            <subfield code="b">48.3654574, 10.8947684</subfield>
          </datafield>
          <idzebra xmlns="http://www.indexdata.dk/zebra/">
            <size>386</size>
            <score>598</score>
            <localnumber>830503</localnumber>
            <filename>sigla/sigla.mrc</filename>
          </idzebra>
        </record>
      </zs:recordData>
      <zs:recordPosition>319</zs:recordPosition>
    </zs:record>