<zs:record>
      <zs:recordPacking>xml</zs:recordPacking>
      <zs:recordData>
        <record xmlns="http://www.loc.gov/MARC21/slim">
          <leader>00417nz a2200121 4500</leader>
          <controlfield tag="001">30076304</controlfield>
          <controlfield tag="003">RISM</controlfield>
          <controlfield tag="005">20121108</controlfield>
          <controlfield tag="008">121108n||az|||||||##########||||||||||||</controlfield>
          <datafield tag="043" ind1=" " ind2=" ">
            <subfield code="c">Germany</subfield>
          </datafield>
          <datafield tag="110" ind1="2" ind2=" ">
            <subfield code="a">Mozart-Gemeinde Augsburg e. V.</subfield>
            <subfield code="c">Augsburg</subfield>
            <subfield code="g">D-Amg</subfield>
          </datafield>
          <datafield tag="580" ind1=" " ind2=" ">
            <subfield code="x">D-Admg</subfield>
            <subfield code="0">30006018</subfield>
          </datafield>
          <datafield tag="680" ind1="2" ind2=" ">
            <subfield code="i">Die Mozartgemeinde Augsburg wurde lt. Verschmelzungsvertrag vom 01.08.2011 in die
              Deutsche Mozart-Gesellschaft (Dachorganisation) integriert.</subfield>
          </datafield>
          <idzebra xmlns="http://www.indexdata.dk/zebra/">
            <size>417</size>
            <localnumber>836439</localnumber>
            <filename>sigla/sigla.mrc</filename>
          </idzebra>
        </record>
      </zs:recordData>
      <zs:recordPosition>1541</zs:recordPosition>
    </zs:record>