<zs:record>
      <zs:recordPacking>xml</zs:recordPacking>
      <zs:recordData>
        <record xmlns="http://www.loc.gov/MARC21/slim">
          <leader>00735nz a2200181 4500</leader>
          <controlfield tag="001">30000655</controlfield>
          <controlfield tag="003">RISM</controlfield>
          <controlfield tag="005">20121108</controlfield>
          <controlfield tag="008">121108n||az|||||||##########||||||||||||</controlfield>
          <datafield tag="043" ind1=" " ind2=" ">
            <subfield code="c">Germany</subfield>
          </datafield>
          <datafield tag="110" ind1="2" ind2=" ">
            <subfield code="a">Staatsbibliothek zu Berlin - Preußischer Kulturbesitz, Musikabteilung</subfield>
            <subfield code="c">Berlin</subfield>
            <subfield code="g">D-B</subfield>
          </datafield>
          <datafield tag="410" ind1="2" ind2=" ">
            <subfield code="a">Stiftung Preußischer Kulturbesitz</subfield>
          </datafield>
          <datafield tag="591" ind1="2" ind2=" ">
            <subfield code="a">ongoing</subfield>
          </datafield>
          <datafield tag="622" ind1=" " ind2=" ">
            <subfield code="e">Staatsbibliothek zu Berlin -, Preußischer Kulturbesitz, Musikabteilung, Unter den Linden
              8, 10117 Berlin, Germany</subfield>
            <subfield code="u">http://staatsbibliothek-berlin.de/</subfield>
          </datafield>
          <datafield tag="688" ind1="2" ind2=" ">
            <subfield code="a">Series A/I: Bds; Series B: Bds; Series C: Bds; Series B: Bs; N-Grove: Bds</subfield>
          </datafield>
          <datafield tag="670" ind1="2" ind2=" ">
            <subfield code="a">53982</subfield>
          </datafield>
          <datafield tag="710" ind1="2" ind2=" ">
            <subfield code="a">Sammlung Wernigerode (Gräflich Stolbergische Bibliothek)</subfield>
            <subfield code="0">30060871</subfield>
          </datafield>
          <datafield tag="852" ind1="2" ind2=" ">
            <subfield code="b">52.51752, 13.39099</subfield>
          </datafield>
          <idzebra xmlns="http://www.indexdata.dk/zebra/">
            <size>735</size>
            <localnumber>835544</localnumber>
            <filename>sigla/sigla.mrc</filename>
          </idzebra>
        </record>
      </zs:recordData>
      <zs:recordPosition>1356</zs:recordPosition>
    </zs:record>