<zs:record>
      <zs:recordPacking>xml</zs:recordPacking>
      <zs:recordData>
        <record xmlns="http://www.loc.gov/MARC21/slim">
          <leader>00556nz a2200145 4500</leader>
          <controlfield tag="001">30000679</controlfield>
          <controlfield tag="003">RISM</controlfield>
          <controlfield tag="005">20121108</controlfield>
          <controlfield tag="008">121108n||az|||||||##########||||||||||||</controlfield>
          <datafield tag="043" ind1=" " ind2=" ">
            <subfield code="c">Germany</subfield>
          </datafield>
          <datafield tag="110" ind1="2" ind2=" ">
            <subfield code="a">Evangelisch-lutherische Kirchengemeinde, Bibliothek</subfield>
            <subfield code="c">Bad Bevensen</subfield>
            <subfield code="g">D-BEV</subfield>
          </datafield>
          <datafield tag="410" ind1="2" ind2=" ">
            <subfield code="a">Superintendentur (Ephoralbibliothek und Bibliothek Sürsen)</subfield>
          </datafield>
          <datafield tag="410" ind1="2" ind2=" ">
            <subfield code="a">Superintendantur, Ephoratsbibliothek und Bibliothek Sursen</subfield>
          </datafield>
          <datafield tag="622" ind1=" " ind2=" ">
            <subfield code="e">Evangelisch-lutherische, Kirchengemeinde, Bibliothek, Pfarramt 1, Pastorenstraße 20a,
              D-29549, Bad Bevensen</subfield>
          </datafield>
          <datafield tag="688" ind1="2" ind2=" ">
            <subfield code="a">Series B: BV</subfield>
          </datafield>
          <idzebra xmlns="http://www.indexdata.dk/zebra/">
            <size>556</size>
            <score>598</score>
            <localnumber>832924</localnumber>
            <filename>sigla/sigla.mrc</filename>
          </idzebra>
        </record>
      </zs:recordData>
      <zs:recordPosition>943</zs:recordPosition>
    </zs:record>