<zs:record>
      <zs:recordPacking>xml</zs:recordPacking>
      <zs:recordData>
        <record xmlns="http://www.loc.gov/MARC21/slim">
          <leader>00464nz a2200133 4500</leader>
          <controlfield tag="001">30006089</controlfield>
          <controlfield tag="003">RISM</controlfield>
          <controlfield tag="005">20121108</controlfield>
          <controlfield tag="008">121108n||az|||||||##########||||||||||||</controlfield>
          <datafield tag="043" ind1=" " ind2=" ">
            <subfield code="c">Germany</subfield>
          </datafield>
          <datafield tag="110" ind1="2" ind2=" ">
            <subfield code="a">Richard-Wagner-Stiftung, Richard-Wagner-Museum mit Nationalarchiv</subfield>
            <subfield code="c">Bayreuth</subfield>
            <subfield code="g">D-BHna</subfield>
          </datafield>
          <datafield tag="622" ind1=" " ind2=" ">
            <subfield code="e">Richard-Wagner-Stiftung, Richard-Wagner, -Museum mit Nationalarchiv, Richard-Wagner-Str.
              48, D-98444 Bayreuth</subfield>
          </datafield>
          <datafield tag="680" ind1="2" ind2=" ">
            <subfield code="i">Arbeitsst.: München</subfield>
          </datafield>
          <datafield tag="852" ind1="2" ind2=" ">
            <subfield code="b">49.9415577, 11.5710306</subfield>
          </datafield>
          <idzebra xmlns="http://www.indexdata.dk/zebra/">
            <size>464</size>
            <score>598</score>
            <localnumber>830585</localnumber>
            <filename>sigla/sigla.mrc</filename>
          </idzebra>
        </record>
      </zs:recordData>
      <zs:recordPosition>368</zs:recordPosition>
    </zs:record>