<zs:record>
      <zs:recordPacking>xml</zs:recordPacking>
      <zs:recordData>
        <record xmlns="http://www.loc.gov/MARC21/slim">
          <leader>00481nz a2200133 4500</leader>
          <controlfield tag="001">30000687</controlfield>
          <controlfield tag="003">RISM</controlfield>
          <controlfield tag="005">20121108</controlfield>
          <controlfield tag="008">121108n||az|||||||##########||||||||||||</controlfield>
          <datafield tag="043" ind1=" " ind2=" ">
            <subfield code="c">D</subfield>
          </datafield>
          <datafield tag="110" ind1="2" ind2=" ">
            <subfield code="a">Fürst von Ysenburgisches Archiv und Schloßbibliothek</subfield>
            <subfield code="c">Birstein</subfield>
            <subfield code="g">D-BIR</subfield>
          </datafield>
          <datafield tag="410" ind1="2" ind2=" ">
            <subfield code="a">Fürst von Isenburgische Rentkammer</subfield>
          </datafield>
          <datafield tag="410" ind1="2" ind2=" ">
            <subfield code="a">Fürst von Isenburg, Archiv und Schloßbibliothek</subfield>
          </datafield>
          <datafield tag="622" ind1=" " ind2=" ">
            <subfield code="e">Fürst von Ysenburgisches Archiv und, Schloßbibliothek, Schloß, D-63633
              Birstein</subfield>
            <subfield code="u">http://isenburg.de</subfield>
          </datafield>
          <idzebra xmlns="http://www.indexdata.dk/zebra/">
            <size>481</size>
            <score>598</score>
            <localnumber>832925</localnumber>
            <filename>sigla/sigla.mrc</filename>
          </idzebra>
        </record>
      </zs:recordData>
      <zs:recordPosition>944</zs:recordPosition>
    </zs:record>