<zs:record>
      <zs:recordPacking>xml</zs:recordPacking>
      <zs:recordData>
        <record xmlns="http://www.loc.gov/MARC21/slim">
          <leader>00679nz a2200145 4500</leader>
          <controlfield tag="001">30001092</controlfield>
          <controlfield tag="003">RISM</controlfield>
          <controlfield tag="005">20121108</controlfield>
          <controlfield tag="008">121108n||az|||||||##########||||||||||||</controlfield>
          <datafield tag="043" ind1=" " ind2=" ">
            <subfield code="c">D</subfield>
          </datafield>
          <datafield tag="110" ind1="2" ind2=" ">
            <subfield code="a">Forschungs- und Gedenkstätte im Geburtshaus des Komponisten
              Heinrich-Schütz-Haus</subfield>
            <subfield code="c">Bad Köstritz</subfield>
            <subfield code="g">D-BKÖs</subfield>
          </datafield>
          <datafield tag="410" ind1="2" ind2=" ">
            <subfield code="a">Heinrich-Schütz-Gedenkstätte</subfield>
          </datafield>
          <datafield tag="622" ind1=" " ind2=" ">
            <subfield code="e">Forschungs- und Gedenkstätte im, Geburtshaus des Komponisten, Heinrich-Schütz-Haus,
              Heinrich-Schütz-Str. 1, 07586 Bad Köstritz, Germany</subfield>
            <subfield code="u">http://heinrichschuetz.com</subfield>
          </datafield>
          <datafield tag="710" ind1="2" ind2=" ">
            <subfield code="a">Schuh- und Stadtmuseum Weißenfels (mit Heinrich-Schütz-Gedenkstätte)</subfield>
            <subfield code="0">30000088</subfield>
          </datafield>
          <datafield tag="710" ind1="2" ind2=" ">
            <subfield code="a">Heinrich-Schütz-Gedenkstätte, Bibliothek</subfield>
            <subfield code="0">30001310</subfield>
          </datafield>
          <idzebra xmlns="http://www.indexdata.dk/zebra/">
            <size>679</size>
            <localnumber>836423</localnumber>
            <filename>sigla/sigla.mrc</filename>
          </idzebra>
        </record>
      </zs:recordData>
      <zs:recordPosition>1533</zs:recordPosition>
    </zs:record>