<zs:record>
      <zs:recordPacking>xml</zs:recordPacking>
      <zs:recordData>
        <record xmlns="http://www.loc.gov/MARC21/slim">
          <leader>00489nz a2200145 4500</leader>
          <controlfield tag="001">30006415</controlfield>
          <controlfield tag="003">RISM</controlfield>
          <controlfield tag="005">20121108</controlfield>
          <controlfield tag="008">121108n||az|||||||##########||||||||||||</controlfield>
          <datafield tag="043" ind1=" " ind2=" ">
            <subfield code="c">Germany</subfield>
          </datafield>
          <datafield tag="110" ind1="2" ind2=" ">
            <subfield code="a">Archiv der Friedrich-Kiel-Gesellschaft e.V.</subfield>
            <subfield code="c">Bad Laasphe</subfield>
            <subfield code="g">D-BLfk</subfield>
          </datafield>
          <datafield tag="580" ind1=" " ind2=" ">
            <subfield code="x">D-Budka</subfield>
            <subfield code="0">30006087</subfield>
          </datafield>
          <datafield tag="622" ind1=" " ind2=" ">
            <subfield code="e">Friedrich-Kiel-Gesellschaft e.V., Ithstraße 20, 31863 Coppenbrügge, Germany</subfield>
            <subfield code="u">http://www.friedrich-kiel-gesellschaft.de/</subfield>
          </datafield>
          <datafield tag="680" ind1="2" ind2=" ">
            <subfield code="i">Als Leihgabe in D-Budka.</subfield>
          </datafield>
          <datafield tag="852" ind1="2" ind2=" ">
            <subfield code="b">52.1147, 9.54139</subfield>
          </datafield>
          <idzebra xmlns="http://www.indexdata.dk/zebra/">
            <size>489</size>
            <score>598</score>
            <localnumber>832284</localnumber>
            <filename>sigla/sigla.mrc</filename>
          </idzebra>
        </record>
      </zs:recordData>
      <zs:recordPosition>745</zs:recordPosition>
    </zs:record>