<zs:record>
      <zs:recordPacking>xml</zs:recordPacking>
      <zs:recordData>
        <record xmlns="http://www.loc.gov/MARC21/slim">
          <leader>00558nz a2200133 4500</leader>
          <controlfield tag="001">30005950</controlfield>
          <controlfield tag="003">RISM</controlfield>
          <controlfield tag="005">20121108</controlfield>
          <controlfield tag="008">121108n||az|||||||##########||||||||||||</controlfield>
          <datafield tag="043" ind1=" " ind2=" ">
            <subfield code="c">Germany</subfield>
          </datafield>
          <datafield tag="110" ind1="2" ind2=" ">
            <subfield code="a">Fürstliches Archiv zu Sayn-Wittgenstein-Hohenstein - Rentkammer Wittgenstein</subfield>
            <subfield code="c">Bad Laasphe</subfield>
            <subfield code="g">D-BLw</subfield>
          </datafield>
          <datafield tag="410" ind1="2" ind2=" ">
            <subfield code="a">Familienarchiv des Fürstlichen Hauses Sayn-Wittgenstein-Hohenstein zu
              Wittgenstein</subfield>
          </datafield>
          <datafield tag="622" ind1=" " ind2=" ">
            <subfield code="e">Fürstliches Archiv zu Sayn-Wittgenstein, -Hohenstein - Rentkammer Wittgenstein, Schloss
              Wittgenstein 4, 57334 Bad Laasphe, Germany</subfield>
          </datafield>
          <datafield tag="852" ind1="2" ind2=" ">
            <subfield code="b">50.92888, 8.39885</subfield>
          </datafield>
          <idzebra xmlns="http://www.indexdata.dk/zebra/">
            <size>558</size>
            <localnumber>835613</localnumber>
            <filename>sigla/sigla.mrc</filename>
          </idzebra>
        </record>
      </zs:recordData>
      <zs:recordPosition>1375</zs:recordPosition>
    </zs:record>