<zs:record>
      <zs:recordPacking>xml</zs:recordPacking>
      <zs:recordData>
        <record xmlns="http://www.loc.gov/MARC21/slim">
          <leader>00478nz a2200121 4500</leader>
          <controlfield tag="001">30002738</controlfield>
          <controlfield tag="003">RISM</controlfield>
          <controlfield tag="005">20121108</controlfield>
          <controlfield tag="008">121108n||az|||||||##########||||||||||||</controlfield>
          <datafield tag="043" ind1=" " ind2=" ">
            <subfield code="c">Germany</subfield>
          </datafield>
          <datafield tag="110" ind1="2" ind2=" ">
            <subfield code="a">Erzbischöfliches Theologenkonvikt Collegium Albertinum, Bibliothek</subfield>
            <subfield code="c">Bonn</subfield>
            <subfield code="g">D-BNca</subfield>
          </datafield>
          <datafield tag="622" ind1=" " ind2=" ">
            <subfield code="e">Erzbischöfliches Theologenkonvikt, Collegium Albertinum, Bibliothek, Adenauerallee 19,
              53111 Bonn, Germany</subfield>
            <subfield code="u">http://www.erzbistum-koeln.de/erzbistum/menschen/albertinum/</subfield>
          </datafield>
          <datafield tag="852" ind1="2" ind2=" ">
            <subfield code="b">50.7345, 7.1058</subfield>
          </datafield>
          <idzebra xmlns="http://www.indexdata.dk/zebra/">
            <size>478</size>
            <score>598</score>
            <localnumber>830069</localnumber>
            <filename>sigla/sigla.mrc</filename>
          </idzebra>
        </record>
      </zs:recordData>
      <zs:recordPosition>232</zs:recordPosition>
    </zs:record>