<zs:record>
      <zs:recordPacking>xml</zs:recordPacking>
      <zs:recordData>
        <record xmlns="http://www.loc.gov/MARC21/slim">
          <leader>00575nz a2200133 4500</leader>
          <controlfield tag="001">30000699</controlfield>
          <controlfield tag="003">RISM</controlfield>
          <controlfield tag="005">20121108</controlfield>
          <controlfield tag="008">121108n||az|||||||##########||||||||||||</controlfield>
          <datafield tag="043" ind1=" " ind2=" ">
            <subfield code="c">Germany</subfield>
          </datafield>
          <datafield tag="110" ind1="2" ind2=" ">
            <subfield code="a">Ruhr-Universität, Fakultät für Geschichtswissenschaft, Musikwissenschaftliches
              Institut</subfield>
            <subfield code="c">Bochum</subfield>
            <subfield code="g">D-BOCHmi</subfield>
          </datafield>
          <datafield tag="410" ind1="2" ind2=" ">
            <subfield code="a">Musikwissenschaftliches Institut der Ruhr-Universität</subfield>
          </datafield>
          <datafield tag="622" ind1=" " ind2=" ">
            <subfield code="e">Ruhr-Universität, Fakultät für, Geschichtswissenschaft,, Musikwissenschaftliches
              Institut, Universitätsstraße 150, D-44801 Bochum, (Gebäude GA-04, D-44780 Bochum)</subfield>
          </datafield>
          <datafield tag="688" ind1="2" ind2=" ">
            <subfield code="a">Series B: BOCHi</subfield>
          </datafield>
          <idzebra xmlns="http://www.indexdata.dk/zebra/">
            <size>575</size>
            <localnumber>836365</localnumber>
            <filename>sigla/sigla.mrc</filename>
          </idzebra>
        </record>
      </zs:recordData>
      <zs:recordPosition>1525</zs:recordPosition>
    </zs:record>