<zs:record>
      <zs:recordPacking>xml</zs:recordPacking>
      <zs:recordData>
        <record xmlns="http://www.loc.gov/MARC21/slim">
          <leader>00474nz a2200121 4500</leader>
          <controlfield tag="001">30069864</controlfield>
          <controlfield tag="003">RISM</controlfield>
          <controlfield tag="005">20121108</controlfield>
          <controlfield tag="008">121108n||az|||||||##########||||||||||||</controlfield>
          <datafield tag="110" ind1="2" ind2=" ">
            <subfield code="a">Katholische Kirchengemeinde St. Peter und Paul, Stifts- und Pfarrarchiv
              Salmünster</subfield>
            <subfield code="c">Bad Soden-Salmünster</subfield>
            <subfield code="g">D-BSSp</subfield>
          </datafield>
          <datafield tag="622" ind1=" " ind2=" ">
            <subfield code="e">Katholische Kirchengemeinde St. Peter, und Paul, Stifts- und Pfarrarchiv, Salmünster,
              Klostergasse 5, 63628 Bad Soden-Salmünster</subfield>
          </datafield>
          <datafield tag="670" ind1="2" ind2=" ">
            <subfield code="a">206</subfield>
          </datafield>
          <datafield tag="852" ind1="2" ind2=" ">
            <subfield code="b">50.2750651, 9.3665885</subfield>
          </datafield>
          <idzebra xmlns="http://www.indexdata.dk/zebra/">
            <size>474</size>
            <localnumber>834803</localnumber>
            <filename>sigla/sigla.mrc</filename>
          </idzebra>
        </record>
      </zs:recordData>
      <zs:recordPosition>1155</zs:recordPosition>
    </zs:record>