<zs:record>
      <zs:recordPacking>xml</zs:recordPacking>
      <zs:recordData>
        <record xmlns="http://www.loc.gov/MARC21/slim">
          <leader>00630nz a2200157 4500</leader>
          <controlfield tag="001">30000702</controlfield>
          <controlfield tag="003">RISM</controlfield>
          <controlfield tag="005">20121108</controlfield>
          <controlfield tag="008">121108n||az|||||||##########||||||||||||</controlfield>
          <datafield tag="043" ind1=" " ind2=" ">
            <subfield code="c">Germany</subfield>
          </datafield>
          <datafield tag="110" ind1="2" ind2=" ">
            <subfield code="a">Predigerseminar der Evangelisch-lutherischen Landeskirche, Bibliothek</subfield>
            <subfield code="c">Braunschweig</subfield>
            <subfield code="g">D-BSps</subfield>
          </datafield>
          <datafield tag="410" ind1="2" ind2=" ">
            <subfield code="a">Bibliothek des Predigerseminars der Evangelisch-Lutherischen Landeskirche</subfield>
          </datafield>
          <datafield tag="622" ind1=" " ind2=" ">
            <subfield code="e">Predigerseminar der, Evangelisch-lutherischen Landeskirche,, Bibliothek, Schützenstraße
              22, 38100 Braunschweig, Germany</subfield>
          </datafield>
          <datafield tag="688" ind1="2" ind2=" ">
            <subfield code="a">Series B: BSp</subfield>
          </datafield>
          <datafield tag="710" ind1="2" ind2=" ">
            <subfield code="a">Kloster Riddagshausen (ehemaliges)</subfield>
            <subfield code="0">30077392</subfield>
          </datafield>
          <datafield tag="852" ind1="2" ind2=" ">
            <subfield code="b">52.2641478, 10.5263803</subfield>
          </datafield>
          <idzebra xmlns="http://www.indexdata.dk/zebra/">
            <size>630</size>
            <score>598</score>
            <localnumber>830840</localnumber>
            <filename>sigla/sigla.mrc</filename>
          </idzebra>
        </record>
      </zs:recordData>
      <zs:recordPosition>444</zs:recordPosition>
    </zs:record>