<zs:record>
      <zs:recordPacking>xml</zs:recordPacking>
      <zs:recordData>
        <record xmlns="http://www.loc.gov/MARC21/slim">
          <leader>00531nz a2200133 4500</leader>
          <controlfield tag="001">30070370</controlfield>
          <controlfield tag="003">RISM</controlfield>
          <controlfield tag="005">20121108</controlfield>
          <controlfield tag="008">121108n||az|||||||##########||||||||||||</controlfield>
          <datafield tag="043" ind1=" " ind2=" ">
            <subfield code="c">Germany</subfield>
          </datafield>
          <datafield tag="110" ind1="2" ind2=" ">
            <subfield code="a">Archiv der Berlin-Brandenburgischen Akademie der Wissenschaften</subfield>
            <subfield code="c">Berlin</subfield>
            <subfield code="g">D-Bbbaw</subfield>
          </datafield>
          <datafield tag="410" ind1="2" ind2=" ">
            <subfield code="a">Berlin-Brandenburgischen Akademie der Wissenschaften, Archiv</subfield>
          </datafield>
          <datafield tag="622" ind1=" " ind2=" ">
            <subfield code="e">Archiv der Berlin-Brandenburgischen, Akademie der Wissenschaften &lt;Berlin&gt;,
              Jägerstr. 22-23, D-10117 Berlin</subfield>
            <subfield code="u">http://www.bbaw.de/archivbbaw/</subfield>
          </datafield>
          <datafield tag="852" ind1="2" ind2=" ">
            <subfield code="b">52.5234051, 13.4113999</subfield>
          </datafield>
          <idzebra xmlns="http://www.indexdata.dk/zebra/">
            <size>531</size>
            <localnumber>834367</localnumber>
            <filename>sigla/sigla.mrc</filename>
          </idzebra>
        </record>
      </zs:recordData>
      <zs:recordPosition>1113</zs:recordPosition>
    </zs:record>