<zs:record>
      <zs:recordPacking>xml</zs:recordPacking>
      <zs:recordData>
        <record xmlns="http://www.loc.gov/MARC21/slim">
          <leader>00629nz a2200145 4500</leader>
          <controlfield tag="001">30003253</controlfield>
          <controlfield tag="003">RISM</controlfield>
          <controlfield tag="005">20121108</controlfield>
          <controlfield tag="008">121108n||az|||||||##########||||||||||||</controlfield>
          <datafield tag="043" ind1=" " ind2=" ">
            <subfield code="c">D</subfield>
          </datafield>
          <datafield tag="110" ind1="2" ind2=" ">
            <subfield code="a">Stiftung Archiv der Akademie der Künste Berlin-Brandenburg, Abt. Musikarchive</subfield>
            <subfield code="c">Berlin</subfield>
            <subfield code="g">D-Bda</subfield>
          </datafield>
          <datafield tag="410" ind1="2" ind2=" ">
            <subfield code="a">Deutsche Akademie der Künste, Bibliothek und Musikarchive</subfield>
          </datafield>
          <datafield tag="622" ind1=" " ind2=" ">
            <subfield code="e">Stiftung Archiv der Akademie der Künste, Berlin-Brandenburg, Abt. Musikarchive,
              Robert-Koch-Platz 10, 10115 Berlin, Germany</subfield>
            <subfield code="u">http://www.adk.de</subfield>
          </datafield>
          <datafield tag="680" ind1="2" ind2=" ">
            <subfield code="i">Seit Januar 2004 mit dem Anton Schoendlinger-Nachlass aus D-BGLidmo.</subfield>
          </datafield>
          <datafield tag="688" ind1="2" ind2=" ">
            <subfield code="a">Series C: Ba; N-Grove: Ba</subfield>
          </datafield>
          <idzebra xmlns="http://www.indexdata.dk/zebra/">
            <size>629</size>
            <localnumber>835402</localnumber>
            <filename>sigla/sigla.mrc</filename>
          </idzebra>
        </record>
      </zs:recordData>
      <zs:recordPosition>1324</zs:recordPosition>
    </zs:record>