<zs:record>
      <zs:recordPacking>xml</zs:recordPacking>
      <zs:recordData>
        <record xmlns="http://www.loc.gov/MARC21/slim">
          <leader>00334nz a2200109 4500</leader>
          <controlfield tag="001">30078022</controlfield>
          <controlfield tag="003">RISM</controlfield>
          <controlfield tag="005">20121108</controlfield>
          <controlfield tag="008">121108n||az|||||||##########||||||||||||</controlfield>
          <datafield tag="043" ind1=" " ind2=" ">
            <subfield code="c">Germany</subfield>
          </datafield>
          <datafield tag="110" ind1="2" ind2=" ">
            <subfield code="a">Deutsches Historisches Museum</subfield>
            <subfield code="c">Berlin</subfield>
            <subfield code="g">D-Bdhim</subfield>
          </datafield>
          <datafield tag="622" ind1=" " ind2=" ">
            <subfield code="e">Deutsches Historisches Museum, Unter den Linden 2, 10117 Berlin, Germany</subfield>
            <subfield code="u">http://www.dhm.de/</subfield>
          </datafield>
          <idzebra xmlns="http://www.indexdata.dk/zebra/">
            <size>334</size>
            <localnumber>835135</localnumber>
            <filename>sigla/sigla.mrc</filename>
          </idzebra>
        </record>
      </zs:recordData>
      <zs:recordPosition>1274</zs:recordPosition>
    </zs:record>