<zs:record>
      <zs:recordPacking>xml</zs:recordPacking>
      <zs:recordData>
        <record xmlns="http://www.loc.gov/MARC21/slim">
          <leader>00505nz a2200145 4500</leader>
          <controlfield tag="001">30003254</controlfield>
          <controlfield tag="003">RISM</controlfield>
          <controlfield tag="005">20121108</controlfield>
          <controlfield tag="008">121108n||az|||||||##########||||||||||||</controlfield>
          <datafield tag="043" ind1=" " ind2=" ">
            <subfield code="c">Germany</subfield>
          </datafield>
          <datafield tag="110" ind1="2" ind2=" ">
            <subfield code="a">Hochschule für Musik Hanns Eisler</subfield>
            <subfield code="c">Berlin</subfield>
            <subfield code="g">D-Bdhm</subfield>
          </datafield>
          <datafield tag="410" ind1="2" ind2=" ">
            <subfield code="a">Deutsche Hochschule für Musik Hanns Eisler</subfield>
          </datafield>
          <datafield tag="622" ind1=" " ind2=" ">
            <subfield code="e">Hochschule für Musik Hanns Eisler, Charlottenstr. 55 (Hauptgebäude),, Wilhelmstr. 53,
              D-10117 Berlin</subfield>
            <subfield code="u">http://www.hfm-berlin.de</subfield>
          </datafield>
          <datafield tag="680" ind1="2" ind2=" ">
            <subfield code="i">Arbeitsst.: Dresden</subfield>
          </datafield>
          <datafield tag="852" ind1="2" ind2=" ">
            <subfield code="b">52.51357, 13.39104</subfield>
          </datafield>
          <idzebra xmlns="http://www.indexdata.dk/zebra/">
            <size>505</size>
            <score>598</score>
            <localnumber>830027</localnumber>
            <filename>sigla/sigla.mrc</filename>
          </idzebra>
        </record>
      </zs:recordData>
      <zs:recordPosition>210</zs:recordPosition>
    </zs:record>