<zs:record>
      <zs:recordPacking>xml</zs:recordPacking>
      <zs:recordData>
        <record xmlns="http://www.loc.gov/MARC21/slim">
          <leader>00503nz a2200121 4500</leader>
          <controlfield tag="001">30006495</controlfield>
          <controlfield tag="003">RISM</controlfield>
          <controlfield tag="005">20121108</controlfield>
          <controlfield tag="008">121108n||az|||||||##########||||||||||||</controlfield>
          <datafield tag="043" ind1=" " ind2=" ">
            <subfield code="c">Germany</subfield>
          </datafield>
          <datafield tag="110" ind1="2" ind2=" ">
            <subfield code="a">Landeskirchliches Archiv der Evangelischen Kirche in Berlin-Brandenburg - schlesische
              Oberlausitz</subfield>
            <subfield code="c">Berlin</subfield>
            <subfield code="g">D-Bekbo</subfield>
          </datafield>
          <datafield tag="622" ind1=" " ind2=" ">
            <subfield code="e">Landeskirchliches Archiv der, Evangelischen Kirche in Berlin, -Brandenburg - schlesische
              Oberlausitz, Bethaniendamm 29, D-10997 Berlin</subfield>
            <subfield code="u">http://www.ekbo.de</subfield>
          </datafield>
          <datafield tag="852" ind1="2" ind2=" ">
            <subfield code="b">52.5234051, 13.4113999</subfield>
          </datafield>
          <idzebra xmlns="http://www.indexdata.dk/zebra/">
            <size>503</size>
            <localnumber>835288</localnumber>
            <filename>sigla/sigla.mrc</filename>
          </idzebra>
        </record>
      </zs:recordData>
      <zs:recordPosition>1298</zs:recordPosition>
    </zs:record>