<zs:record>
      <zs:recordPacking>xml</zs:recordPacking>
      <zs:recordData>
        <record xmlns="http://www.loc.gov/MARC21/slim">
          <leader>00396nz a2200109 4500</leader>
          <controlfield tag="001">30005632</controlfield>
          <controlfield tag="003">RISM</controlfield>
          <controlfield tag="005">20121108</controlfield>
          <controlfield tag="008">121108n||az|||||||##########||||||||||||</controlfield>
          <datafield tag="043" ind1=" " ind2=" ">
            <subfield code="c">D</subfield>
          </datafield>
          <datafield tag="110" ind1="2" ind2=" ">
            <subfield code="a">Geheimes Staatsarchiv, Stiftung Preußischer Kulturbesitz</subfield>
            <subfield code="c">Berlin</subfield>
            <subfield code="g">D-Bga</subfield>
          </datafield>
          <datafield tag="622" ind1=" " ind2=" ">
            <subfield code="e">Geheimes Staatsarchiv, Stiftung, Preußischer Kulturbesitz, Archivstraße 12-14, 14195
              Berlin, Germany</subfield>
            <subfield code="u">http://www.gsta.spk-berlin.de</subfield>
          </datafield>
          <idzebra xmlns="http://www.indexdata.dk/zebra/">
            <size>396</size>
            <score>598</score>
            <localnumber>832685</localnumber>
            <filename>sigla/sigla.mrc</filename>
          </idzebra>
        </record>
      </zs:recordData>
      <zs:recordPosition>882</zs:recordPosition>
    </zs:record>