<zs:record>
      <zs:recordPacking>xml</zs:recordPacking>
      <zs:recordData>
        <record xmlns="http://www.loc.gov/MARC21/slim">
          <leader>00550nz a2200145 4500</leader>
          <controlfield tag="001">30003730</controlfield>
          <controlfield tag="003">RISM</controlfield>
          <controlfield tag="005">20121108</controlfield>
          <controlfield tag="008">121108n||az|||||||##########||||||||||||</controlfield>
          <datafield tag="043" ind1=" " ind2=" ">
            <subfield code="c">Germany</subfield>
          </datafield>
          <datafield tag="110" ind1="2" ind2=" ">
            <subfield code="a">Staatliche Museen Preußischer Kulturbesitz, Kupferstichkabinett</subfield>
            <subfield code="c">Berlin</subfield>
            <subfield code="g">D-Bkk</subfield>
          </datafield>
          <datafield tag="410" ind1="2" ind2=" ">
            <subfield code="a">Kunstbibliothek der Staatlichen Museen Preussischer Kulturbesitz -
              Kupferstichkabinett</subfield>
          </datafield>
          <datafield tag="622" ind1=" " ind2=" ">
            <subfield code="e">Staatliche Museen Preußischer, Kulturbesitz, Kupferstichkabinett, Matthäikirchplatz 4,
              D-10785 Berlin</subfield>
          </datafield>
          <datafield tag="688" ind1="2" ind2=" ">
            <subfield code="a">Series B: Bkm</subfield>
          </datafield>
          <datafield tag="852" ind1="2" ind2=" ">
            <subfield code="b">52.5234051, 13.4113999</subfield>
          </datafield>
          <idzebra xmlns="http://www.indexdata.dk/zebra/">
            <size>550</size>
            <localnumber>836169</localnumber>
            <filename>sigla/sigla.mrc</filename>
          </idzebra>
        </record>
      </zs:recordData>
      <zs:recordPosition>1505</zs:recordPosition>
    </zs:record>