<zs:record>
      <zs:recordPacking>xml</zs:recordPacking>
      <zs:recordData>
        <record xmlns="http://www.loc.gov/MARC21/slim">
          <leader>00882nz a2200181 4500</leader>
          <controlfield tag="001">30001080</controlfield>
          <controlfield tag="003">RISM</controlfield>
          <controlfield tag="005">20121108</controlfield>
          <controlfield tag="008">121108n||az|||||||##########||||||||||||</controlfield>
          <datafield tag="043" ind1=" " ind2=" ">
            <subfield code="c">Germany</subfield>
          </datafield>
          <datafield tag="110" ind1="2" ind2=" ">
            <subfield code="a">Humboldt-Universität zu Berlin, Universitätsbibliothek, Teilbibliothek
              Musikwissenschaft</subfield>
            <subfield code="c">Berlin</subfield>
            <subfield code="g">D-Bmi</subfield>
          </datafield>
          <datafield tag="410" ind1="2" ind2=" ">
            <subfield code="a">Sektion Ästhetik und Kunstwissenschaften der Humboldt-Universität, Bereich
              Musikwissenschaft</subfield>
          </datafield>
          <datafield tag="410" ind1="2" ind2=" ">
            <subfield code="a">Humboldt-Universität zu Berlin, Institut für Musikwissenschaft, Bibliothek</subfield>
          </datafield>
          <datafield tag="410" ind1="2" ind2=" ">
            <subfield code="a">Humboldt-Universität zu Berlin, Musikwissenschaftliches Seminar</subfield>
          </datafield>
          <datafield tag="622" ind1=" " ind2=" ">
            <subfield code="e">Humboldt-Universität zu Berlin,, Universitätsbibliothek, Teilbibliothek,
              Musikwissenschaft, Sitz: Am Kupfergraben 5, Post: Unter, den Linden 6, D-10099 Berlin</subfield>
            <subfield code="u">http://www.muwi.hu-berlin.de</subfield>
          </datafield>
          <datafield tag="680" ind1="2" ind2=" ">
            <subfield code="i">Arbeitsst.: Dresden</subfield>
          </datafield>
          <datafield tag="688" ind1="2" ind2=" ">
            <subfield code="a">Series B: Bmih</subfield>
          </datafield>
          <datafield tag="852" ind1="2" ind2=" ">
            <subfield code="b">52.5234051, 13.4113999</subfield>
          </datafield>
          <idzebra xmlns="http://www.indexdata.dk/zebra/">
            <size>882</size>
            <localnumber>836421</localnumber>
            <filename>sigla/sigla.mrc</filename>
          </idzebra>
        </record>
      </zs:recordData>
      <zs:recordPosition>1531</zs:recordPosition>
    </zs:record>