<zs:record>
      <zs:recordPacking>xml</zs:recordPacking>
      <zs:recordData>
        <record xmlns="http://www.loc.gov/MARC21/slim">
          <leader>00375nz a2200109 4500</leader>
          <controlfield tag="001">30061509</controlfield>
          <controlfield tag="003">RISM</controlfield>
          <controlfield tag="005">20121108</controlfield>
          <controlfield tag="008">121108n||az|||||||##########||||||||||||</controlfield>
          <datafield tag="043" ind1=" " ind2=" ">
            <subfield code="c">D</subfield>
          </datafield>
          <datafield tag="110" ind1="2" ind2=" ">
            <subfield code="a">Sammlung Staats- und Domchor Berlin</subfield>
            <subfield code="c">Berlin</subfield>
            <subfield code="g">D-Bsd</subfield>
          </datafield>
          <datafield tag="622" ind1=" " ind2=" ">
            <subfield code="e">Sammlung Staats- und Domchor Berlin, Universität der Künste, Hardenbergstr., 41, D-10623
              Berlin</subfield>
            <subfield code="u">http://staats-und-domchor-berlin.de</subfield>
          </datafield>
          <idzebra xmlns="http://www.indexdata.dk/zebra/">
            <size>375</size>
            <localnumber>834953</localnumber>
            <filename>sigla/sigla.mrc</filename>
          </idzebra>
        </record>
      </zs:recordData>
      <zs:recordPosition>1215</zs:recordPosition>
    </zs:record>