<zs:record>
      <zs:recordPacking>xml</zs:recordPacking>
      <zs:recordData>
        <record xmlns="http://www.loc.gov/MARC21/slim">
          <leader>00626nz a2200169 4500</leader>
          <controlfield tag="001">30000713</controlfield>
          <controlfield tag="003">RISM</controlfield>
          <controlfield tag="005">20121108</controlfield>
          <controlfield tag="008">121108n||az|||||||##########||||||||||||</controlfield>
          <datafield tag="043" ind1=" " ind2=" ">
            <subfield code="c">Germany</subfield>
          </datafield>
          <datafield tag="110" ind1="2" ind2=" ">
            <subfield code="a">Bomann-Museum</subfield>
            <subfield code="c">Celle</subfield>
            <subfield code="g">D-CEbm</subfield>
          </datafield>
          <datafield tag="520" ind1="2" ind2=" ">
            <subfield code="a">Es befinden sich u.a. zwei Dauerleihgaben des Stadtarchivs Celle (D-CEsa) im
              Bomann-Museum: Sammelhandschriften mit den Signaturen "L 7 1085" und "L 7 1101" [Stand: Oktober
              2009]</subfield>
          </datafield>
          <datafield tag="622" ind1=" " ind2=" ">
            <subfield code="e">Bomann-Museum, Schloßplatz 7, 29221 Celle, Germany</subfield>
            <subfield code="u">http://www.bomann-museum.de</subfield>
          </datafield>
          <datafield tag="688" ind1="2" ind2=" ">
            <subfield code="a">Series B: CEb</subfield>
          </datafield>
          <datafield tag="670" ind1="2" ind2=" ">
            <subfield code="a">430</subfield>
          </datafield>
          <datafield tag="710" ind1="2" ind2=" ">
            <subfield code="a">Stadtarchiv</subfield>
            <subfield code="0">30075960</subfield>
          </datafield>
          <datafield tag="852" ind1="2" ind2=" ">
            <subfield code="b">52.6242019, 10.0794147</subfield>
          </datafield>
          <idzebra xmlns="http://www.indexdata.dk/zebra/">
            <size>626</size>
            <score>598</score>
            <localnumber>830846</localnumber>
            <filename>sigla/sigla.mrc</filename>
          </idzebra>
        </record>
      </zs:recordData>
      <zs:recordPosition>450</zs:recordPosition>
    </zs:record>