<zs:record>
      <zs:recordPacking>xml</zs:recordPacking>
      <zs:recordData>
        <record xmlns="http://www.loc.gov/MARC21/slim">
          <leader>00617nz a2200157 4500</leader>
          <controlfield tag="001">30075960</controlfield>
          <controlfield tag="003">RISM</controlfield>
          <controlfield tag="005">20121108</controlfield>
          <controlfield tag="008">121108n||az|||||||##########||||||||||||</controlfield>
          <datafield tag="043" ind1=" " ind2=" ">
            <subfield code="c">Germany</subfield>
          </datafield>
          <datafield tag="110" ind1="2" ind2=" ">
            <subfield code="a">Stadtarchiv</subfield>
            <subfield code="c">Celle</subfield>
            <subfield code="g">D-CEsa</subfield>
          </datafield>
          <datafield tag="520" ind1="2" ind2=" ">
            <subfield code="a">Es befinden sich u.a. zwei Dauerleihgaben des Stadtarchivs Celle im Bomann-Museum
              (D-CEbm): Sammelhandschriften mit den Signaturen "L 7 1085" und "L 7 1101" [Stand: Oktober
              2009]</subfield>
          </datafield>
          <datafield tag="622" ind1=" " ind2=" ">
            <subfield code="e">Stadtarchiv, Westerceller Straße 4, 29227 Celle, Deutschland</subfield>
            <subfield code="u">http://www.stadtarchiv-celle.findbuch.net</subfield>
          </datafield>
          <datafield tag="670" ind1="2" ind2=" ">
            <subfield code="a">1186</subfield>
          </datafield>
          <datafield tag="710" ind1="2" ind2=" ">
            <subfield code="a">Bomann-Museum</subfield>
            <subfield code="0">30000713</subfield>
          </datafield>
          <datafield tag="852" ind1="2" ind2=" ">
            <subfield code="b">52.60391, 10.07722</subfield>
          </datafield>
          <idzebra xmlns="http://www.indexdata.dk/zebra/">
            <size>617</size>
            <localnumber>835958</localnumber>
            <filename>sigla/sigla.mrc</filename>
          </idzebra>
        </record>
      </zs:recordData>
      <zs:recordPosition>1452</zs:recordPosition>
    </zs:record>