<zs:record>
      <zs:recordPacking>xml</zs:recordPacking>
      <zs:recordData>
        <record xmlns="http://www.loc.gov/MARC21/slim">
          <leader>00401nz a2200109 4500</leader>
          <controlfield tag="001">30000716</controlfield>
          <controlfield tag="003">RISM</controlfield>
          <controlfield tag="005">20121108</controlfield>
          <controlfield tag="008">121108n||az|||||||##########||||||||||||</controlfield>
          <datafield tag="043" ind1=" " ind2=" ">
            <subfield code="c">D</subfield>
          </datafield>
          <datafield tag="110" ind1="2" ind2=" ">
            <subfield code="a">Technische Universität, Universitätsbibliothek</subfield>
            <subfield code="c">Clausthal-Zellerfeld</subfield>
            <subfield code="g">D-CZu</subfield>
          </datafield>
          <datafield tag="622" ind1=" " ind2=" ">
            <subfield code="e">Technische Universität,, Universitätsbibliothek, Leibnizstraße 2, 38678
              Clausthal-Zellerfeld, Germany</subfield>
            <subfield code="u">http://www.tu-clausthal.de/</subfield>
          </datafield>
          <idzebra xmlns="http://www.indexdata.dk/zebra/">
            <size>401</size>
            <score>598</score>
            <localnumber>832930</localnumber>
            <filename>sigla/sigla.mrc</filename>
          </idzebra>
        </record>
      </zs:recordData>
      <zs:recordPosition>949</zs:recordPosition>
    </zs:record>