<zs:record>
      <zs:recordPacking>xml</zs:recordPacking>
      <zs:recordData>
        <record xmlns="http://www.loc.gov/MARC21/slim">
          <leader>00401nz a2200145 4500</leader>
          <controlfield tag="001">30000707</controlfield>
          <controlfield tag="003">RISM</controlfield>
          <controlfield tag="005">20121108</controlfield>
          <controlfield tag="008">121108n||az|||||||##########||||||||||||</controlfield>
          <datafield tag="043" ind1=" " ind2=" ">
            <subfield code="c">Germany</subfield>
          </datafield>
          <datafield tag="110" ind1="2" ind2=" ">
            <subfield code="a">Landesbibliothek</subfield>
            <subfield code="c">Coburg</subfield>
            <subfield code="g">D-Cl</subfield>
          </datafield>
          <datafield tag="591" ind1="2" ind2=" ">
            <subfield code="a">ongoing</subfield>
          </datafield>
          <datafield tag="622" ind1=" " ind2=" ">
            <subfield code="e">Landesbibliothek, Schlossplatz 1, 96450 Coburg, Germany</subfield>
            <subfield code="u">http://www.landesbibliothek-coburg.de/</subfield>
          </datafield>
          <datafield tag="670" ind1="2" ind2=" ">
            <subfield code="a">2709</subfield>
          </datafield>
          <datafield tag="852" ind1="2" ind2=" ">
            <subfield code="b">50.25809, 10.96711</subfield>
          </datafield>
          <idzebra xmlns="http://www.indexdata.dk/zebra/">
            <size>401</size>
            <score>598</score>
            <localnumber>830843</localnumber>
            <filename>sigla/sigla.mrc</filename>
          </idzebra>
        </record>
      </zs:recordData>
      <zs:recordPosition>447</zs:recordPosition>
    </zs:record>