<zs:record>
      <zs:recordPacking>xml</zs:recordPacking>
      <zs:recordData>
        <record xmlns="http://www.loc.gov/MARC21/slim">
          <leader>00424nz a2200109 4500</leader>
          <controlfield tag="001">30077293</controlfield>
          <controlfield tag="003">RISM</controlfield>
          <controlfield tag="005">20121108</controlfield>
          <controlfield tag="008">121108n||az|||||||##########||||||||||||</controlfield>
          <datafield tag="043" ind1=" " ind2=" ">
            <subfield code="c">Germany</subfield>
            <subfield code="c">Germany</subfield>
          </datafield>
          <datafield tag="110" ind1="2" ind2=" ">
            <subfield code="a">Landeshauptarchiv Sachsen-Anhalt - Abteilung Dessau</subfield>
            <subfield code="c">Dessau</subfield>
            <subfield code="g">D-DElsa</subfield>
          </datafield>
          <datafield tag="622" ind1=" " ind2=" ">
            <subfield code="e">Landeshauptarchiv Sachsen-Anhalt -, Abteilung Dessau, Heidestraße 21, 06842
              Dessau-Roßlau, Germany</subfield>
            <subfield code="u">http://www.sachsen-anhalt.de/index.php?id=32258</subfield>
          </datafield>
          <idzebra xmlns="http://www.indexdata.dk/zebra/">
            <size>424</size>
            <score>598</score>
            <localnumber>829334</localnumber>
            <filename>sigla/sigla.mrc</filename>
          </idzebra>
        </record>
      </zs:recordData>
      <zs:recordPosition>28</zs:recordPosition>
    </zs:record>