<zs:record>
      <zs:recordPacking>xml</zs:recordPacking>
      <zs:recordData>
        <record xmlns="http://www.loc.gov/MARC21/slim">
          <leader>00510nz a2200121 4500</leader>
          <controlfield tag="001">30000723</controlfield>
          <controlfield tag="003">RISM</controlfield>
          <controlfield tag="005">20121108</controlfield>
          <controlfield tag="008">121108n||az|||||||##########||||||||||||</controlfield>
          <datafield tag="043" ind1=" " ind2=" ">
            <subfield code="c">Germany</subfield>
          </datafield>
          <datafield tag="110" ind1="2" ind2=" ">
            <subfield code="a">Stadt- und Landesbibliothek, Zentralbibliothek</subfield>
            <subfield code="c">Dortmund</subfield>
            <subfield code="g">D-DM</subfield>
          </datafield>
          <datafield tag="410" ind1="2" ind2=" ">
            <subfield code="a">Stadt- und Landesbibliothek, Musikabteilung</subfield>
          </datafield>
          <datafield tag="622" ind1=" " ind2=" ">
            <subfield code="e">Stadt- und Landesbibliothek,, Zentralbibliothek, Max-von-der-Grün-Platz, 44137 Dortmund,
              Germany</subfield>
            <subfield code="u">http://www.dortmund.de/de/leben_in_dortmund/bildungwissenschaft/bibliothek/start_bibliothek/</subfield>
          </datafield>
          <idzebra xmlns="http://www.indexdata.dk/zebra/">
            <size>510</size>
            <score>598</score>
            <localnumber>830746</localnumber>
            <filename>sigla/sigla.mrc</filename>
          </idzebra>
        </record>
      </zs:recordData>
      <zs:recordPosition>426</zs:recordPosition>
    </zs:record>