<zs:record>
      <zs:recordPacking>xml</zs:recordPacking>
      <zs:recordData>
        <record xmlns="http://www.loc.gov/MARC21/slim">
          <leader>00823nz a2200169 4500</leader>
          <controlfield tag="001">30000264</controlfield>
          <controlfield tag="003">RISM</controlfield>
          <controlfield tag="005">20121108</controlfield>
          <controlfield tag="008">121108n||az|||||||##########||||||||||||</controlfield>
          <datafield tag="043" ind1=" " ind2=" ">
            <subfield code="c">Germany</subfield>
          </datafield>
          <datafield tag="110" ind1="2" ind2=" ">
            <subfield code="a">Fürstlich Fürstenbergische Hofbibliothek</subfield>
            <subfield code="c">Donaueschingen</subfield>
            <subfield code="g">D-DO</subfield>
          </datafield>
          <datafield tag="580" ind1=" " ind2=" ">
            <subfield code="x">D-KA</subfield>
            <subfield code="0">30000839</subfield>
          </datafield>
          <datafield tag="622" ind1=" " ind2=" ">
            <subfield code="e">Fürstlich Fürstenbergische Hofbibliothek, Haldenstraße 3, 78166 Donaueschingen,
              Germany</subfield>
            <subfield code="u">http://www.fuerstenberg-kultur.de/deutsch/ff_fs.htm</subfield>
          </datafield>
          <datafield tag="680" ind1="2" ind2=" ">
            <subfield code="i">Die Musikalien wurden in wesentlichen Teilen durch das Land Baden-Württemberg für D-KA
              aufgekauft. Einzelne Musikhandschriften zum Beispiel sind aber in der Hofbibliothek verblieben. Diese sind
              mit einem besonderen Vermerk in den Quellenbeschreibungen der RISM-Serie A/II versehen.</subfield>
          </datafield>
          <datafield tag="688" ind1="2" ind2=" ">
            <subfield code="a">Series B: Don</subfield>
          </datafield>
          <datafield tag="670" ind1="2" ind2=" ">
            <subfield code="a">7395</subfield>
          </datafield>
          <datafield tag="852" ind1="2" ind2=" ">
            <subfield code="b">47.9549667, 8.4909336</subfield>
          </datafield>
          <idzebra xmlns="http://www.indexdata.dk/zebra/">
            <size>823</size>
            <localnumber>835947</localnumber>
            <filename>sigla/sigla.mrc</filename>
          </idzebra>
        </record>
      </zs:recordData>
      <zs:recordPosition>1449</zs:recordPosition>
    </zs:record>