<zs:record>
      <zs:recordPacking>xml</zs:recordPacking>
      <zs:recordData>
        <record xmlns="http://www.loc.gov/MARC21/slim">
          <leader>00564nz a2200133 4500</leader>
          <controlfield tag="001">30000725</controlfield>
          <controlfield tag="003">RISM</controlfield>
          <controlfield tag="005">20121108</controlfield>
          <controlfield tag="008">121108n||az|||||||##########||||||||||||</controlfield>
          <datafield tag="043" ind1=" " ind2=" ">
            <subfield code="c">Germany</subfield>
          </datafield>
          <datafield tag="110" ind1="2" ind2=" ">
            <subfield code="a">Internationales Musikinstitut Darmstadt, Informationszentrum für Zeitgenössische Musik,
              Bibliothek</subfield>
            <subfield code="c">Darmstadt</subfield>
            <subfield code="g">D-DSim</subfield>
          </datafield>
          <datafield tag="410" ind1="2" ind2=" ">
            <subfield code="a">Kranichsteiner Musikinstitut, Bibliothek</subfield>
          </datafield>
          <datafield tag="622" ind1=" " ind2=" ">
            <subfield code="e">Internationales Musikinstitut, Darmstadt, Informationszentrum für, Zeitgenössische Musik,
              Bibliothek, Nieder-Ramstädter Straße 190, D-64285, Darmstadt</subfield>
          </datafield>
          <datafield tag="852" ind1="2" ind2=" ">
            <subfield code="b">49.8724245, 8.6508574</subfield>
          </datafield>
          <idzebra xmlns="http://www.indexdata.dk/zebra/">
            <size>564</size>
            <localnumber>836420</localnumber>
            <filename>sigla/sigla.mrc</filename>
          </idzebra>
        </record>
      </zs:recordData>
      <zs:recordPosition>1530</zs:recordPosition>
    </zs:record>