<zs:record>
      <zs:recordPacking>xml</zs:recordPacking>
      <zs:recordData>
        <record xmlns="http://www.loc.gov/MARC21/slim">
          <leader>00574nz a2200145 4500</leader>
          <controlfield tag="001">30000726</controlfield>
          <controlfield tag="003">RISM</controlfield>
          <controlfield tag="005">20121108</controlfield>
          <controlfield tag="008">121108n||az|||||||##########||||||||||||</controlfield>
          <datafield tag="043" ind1=" " ind2=" ">
            <subfield code="c">Germany</subfield>
          </datafield>
          <datafield tag="110" ind1="2" ind2=" ">
            <subfield code="a">Zentralarchiv der Evangelischen Kirche in Hessen und Nassau</subfield>
            <subfield code="c">Darmstadt</subfield>
            <subfield code="g">D-DSk</subfield>
          </datafield>
          <datafield tag="410" ind1="2" ind2=" ">
            <subfield code="a">Kirchenleitung der Evangelischen Kirche in Hessen-Nassau, Zentralbibliothek</subfield>
          </datafield>
          <datafield tag="410" ind1="2" ind2=" ">
            <subfield code="a">Kirchenleitung der Evangelischen Kirche in Hessen und Nassau</subfield>
          </datafield>
          <datafield tag="622" ind1=" " ind2=" ">
            <subfield code="e">Zentralarchiv der Evangelischen Kirche, in Hessen und Nassau, Ahastraße 5a, D-64285
              Darmstadt</subfield>
          </datafield>
          <datafield tag="852" ind1="2" ind2=" ">
            <subfield code="b">49.8724245, 8.6508574</subfield>
          </datafield>
          <idzebra xmlns="http://www.indexdata.dk/zebra/">
            <size>574</size>
            <score>598</score>
            <localnumber>830539</localnumber>
            <filename>sigla/sigla.mrc</filename>
          </idzebra>
        </record>
      </zs:recordData>
      <zs:recordPosition>340</zs:recordPosition>
    </zs:record>