<zs:record>
      <zs:recordPacking>xml</zs:recordPacking>
      <zs:recordData>
        <record xmlns="http://www.loc.gov/MARC21/slim">
          <leader>00444nz a2200121 4500</leader>
          <controlfield tag="001">30006483</controlfield>
          <controlfield tag="003">RISM</controlfield>
          <controlfield tag="005">20121108</controlfield>
          <controlfield tag="008">121108n||az|||||||##########||||||||||||</controlfield>
          <datafield tag="043" ind1=" " ind2=" ">
            <subfield code="c">D</subfield>
          </datafield>
          <datafield tag="110" ind1="2" ind2=" ">
            <subfield code="a">Landesarchiv Nordrhein-Westfalen, Staats- und Personenstandsarchiv</subfield>
            <subfield code="c">Detmold</subfield>
            <subfield code="g">D-DTsta</subfield>
          </datafield>
          <datafield tag="622" ind1=" " ind2=" ">
            <subfield code="e">Landesarchiv Nordrhein-Westfalen,, Staats- und Personenstandsarchiv, Willi-Hofmann-Str.
              2, D-32756 Detmold</subfield>
            <subfield code="u">http://www.archive.nrw.de/</subfield>
          </datafield>
          <datafield tag="852" ind1="2" ind2=" ">
            <subfield code="b">51.935414, 8.873843</subfield>
          </datafield>
          <idzebra xmlns="http://www.indexdata.dk/zebra/">
            <size>444</size>
            <localnumber>833919</localnumber>
            <filename>sigla/sigla.mrc</filename>
          </idzebra>
        </record>
      </zs:recordData>
      <zs:recordPosition>1068</zs:recordPosition>
    </zs:record>