<zs:record>
      <zs:recordPacking>xml</zs:recordPacking>
      <zs:recordData>
        <record xmlns="http://www.loc.gov/MARC21/slim">
          <leader>00691nz a2200181 4500</leader>
          <controlfield tag="001">30000042</controlfield>
          <controlfield tag="003">RISM</controlfield>
          <controlfield tag="005">20121108</controlfield>
          <controlfield tag="008">121108n||az|||||||##########||||||||||||</controlfield>
          <datafield tag="043" ind1=" " ind2=" ">
            <subfield code="c">Germany</subfield>
          </datafield>
          <datafield tag="110" ind1="2" ind2=" ">
            <subfield code="a">Sächsische Landesbibliothek - Staats- und Universitätsbibliothek</subfield>
            <subfield code="c">Dresden</subfield>
            <subfield code="g">D-Dl</subfield>
          </datafield>
          <datafield tag="410" ind1="2" ind2=" ">
            <subfield code="a">Kgl. Öffentliche Bibliothek</subfield>
          </datafield>
          <datafield tag="591" ind1="2" ind2=" ">
            <subfield code="a">ongoing</subfield>
          </datafield>
          <datafield tag="622" ind1=" " ind2=" ">
            <subfield code="e">Sächsische Landesbibliothek - Staats-, und Universitätsbibliothek, Zellescher Weg 18,
              01069 Dresden, Germany</subfield>
            <subfield code="u">http://www.slub-dresden.de</subfield>
          </datafield>
          <datafield tag="688" ind1="2" ind2=" ">
            <subfield code="a">Series A/I: Dl(b); Series B: Dlb; Series C: Dlb; N-Grove: Dlb; Series A/I: Dlb</subfield>
          </datafield>
          <datafield tag="670" ind1="2" ind2=" ">
            <subfield code="a">17076</subfield>
          </datafield>
          <datafield tag="710" ind1="2" ind2=" ">
            <subfield code="a">Bibliothek und Museum Löbau</subfield>
            <subfield code="0">30060864</subfield>
          </datafield>
          <datafield tag="852" ind1="2" ind2=" ">
            <subfield code="b">51.02874, 13.73593</subfield>
          </datafield>
          <idzebra xmlns="http://www.indexdata.dk/zebra/">
            <size>691</size>
            <score>598</score>
            <localnumber>832369</localnumber>
            <filename>sigla/sigla.mrc</filename>
          </idzebra>
        </record>
      </zs:recordData>
      <zs:recordPosition>769</zs:recordPosition>
    </zs:record>