<zs:record>
      <zs:recordPacking>xml</zs:recordPacking>
      <zs:recordData>
        <record xmlns="http://www.loc.gov/MARC21/slim">
          <leader>00444nz a2200121 4500</leader>
          <controlfield tag="001">30004148</controlfield>
          <controlfield tag="003">RISM</controlfield>
          <controlfield tag="005">20121108</controlfield>
          <controlfield tag="008">121108n||az|||||||##########||||||||||||</controlfield>
          <datafield tag="043" ind1=" " ind2=" ">
            <subfield code="c">Germany</subfield>
          </datafield>
          <datafield tag="110" ind1="2" ind2=" ">
            <subfield code="a">Stadtbücherei, Nebenstelle - Musikbücherei der Städtischen Musikschule</subfield>
            <subfield code="c">Dülmen</subfield>
            <subfield code="g">D-DÜLs</subfield>
          </datafield>
          <datafield tag="622" ind1=" " ind2=" ">
            <subfield code="e">Stadtbücherei, Nebenstelle -, Musikbücherei der Städtischen, Musikschule, Halterner Str.
              6, 48249 Dülmen, Germany</subfield>
          </datafield>
          <datafield tag="852" ind1="2" ind2=" ">
            <subfield code="b">51.8285852, 7.2778367</subfield>
          </datafield>
          <idzebra xmlns="http://www.indexdata.dk/zebra/">
            <size>444</size>
            <localnumber>835070</localnumber>
            <filename>sigla/sigla.mrc</filename>
          </idzebra>
        </record>
      </zs:recordData>
      <zs:recordPosition>1249</zs:recordPosition>
    </zs:record>