<zs:record>
      <zs:recordPacking>xml</zs:recordPacking>
      <zs:recordData>
        <record xmlns="http://www.loc.gov/MARC21/slim">
          <leader>00413nz a2200121 4500</leader>
          <controlfield tag="001">30004572</controlfield>
          <controlfield tag="003">RISM</controlfield>
          <controlfield tag="005">20121108</controlfield>
          <controlfield tag="008">121108n||az|||||||##########||||||||||||</controlfield>
          <datafield tag="043" ind1=" " ind2=" ">
            <subfield code="c">D</subfield>
          </datafield>
          <datafield tag="110" ind1="2" ind2=" ">
            <subfield code="a">Heinrich-Heine-Institut</subfield>
            <subfield code="c">Düsseldorf</subfield>
            <subfield code="g">D-DÜhh</subfield>
          </datafield>
          <datafield tag="622" ind1=" " ind2=" ">
            <subfield code="e">Heinrich-Heine-Institut, Archiv und, Bibliothek, Bilker Str. 12-14, D-40213
              Düsseldorf</subfield>
            <subfield code="u">http://www.duesseldorf.de/heineinstitut/index.shtml</subfield>
          </datafield>
          <datafield tag="852" ind1="2" ind2=" ">
            <subfield code="b">51.2225129, 6.7729273</subfield>
          </datafield>
          <idzebra xmlns="http://www.indexdata.dk/zebra/">
            <size>413</size>
            <score>598</score>
            <localnumber>830490</localnumber>
            <filename>sigla/sigla.mrc</filename>
          </idzebra>
        </record>
      </zs:recordData>
      <zs:recordPosition>316</zs:recordPosition>
    </zs:record>