<zs:record>
      <zs:recordPacking>xml</zs:recordPacking>
      <zs:recordData>
        <record xmlns="http://www.loc.gov/MARC21/slim">
          <leader>00587nz a2200157 4500</leader>
          <controlfield tag="001">30000732</controlfield>
          <controlfield tag="003">RISM</controlfield>
          <controlfield tag="005">20121108</controlfield>
          <controlfield tag="008">121108n||az|||||||##########||||||||||||</controlfield>
          <datafield tag="043" ind1=" " ind2=" ">
            <subfield code="c">Germany</subfield>
          </datafield>
          <datafield tag="110" ind1="2" ind2=" ">
            <subfield code="a">Goethe-Museum, Anton und Katharina Kippenberg-Stiftung</subfield>
            <subfield code="c">Düsseldorf</subfield>
            <subfield code="g">D-DÜk</subfield>
          </datafield>
          <datafield tag="410" ind1="2" ind2=" ">
            <subfield code="a">Stiftung Anton und Katharina Kippenberg</subfield>
          </datafield>
          <datafield tag="410" ind1="2" ind2=" ">
            <subfield code="a">Anton und Katharina Kippenberg-Stiftung</subfield>
          </datafield>
          <datafield tag="410" ind1="2" ind2=" ">
            <subfield code="a">Goethe-Museum</subfield>
          </datafield>
          <datafield tag="622" ind1=" " ind2=" ">
            <subfield code="e">Goethe-Museum, Anton und Katharina, Kippenberg-Stiftung, Jacobistraße 2, 40211
              Düsseldorf</subfield>
            <subfield code="u">http://www.goethe-museum-kippenberg-stiftung.de</subfield>
          </datafield>
          <datafield tag="852" ind1="2" ind2=" ">
            <subfield code="b">51.2309, 6.78764</subfield>
          </datafield>
          <idzebra xmlns="http://www.indexdata.dk/zebra/">
            <size>587</size>
            <localnumber>835732</localnumber>
            <filename>sigla/sigla.mrc</filename>
          </idzebra>
        </record>
      </zs:recordData>
      <zs:recordPosition>1383</zs:recordPosition>
    </zs:record>