<zs:record>
      <zs:recordPacking>xml</zs:recordPacking>
      <zs:recordData>
        <record xmlns="http://www.loc.gov/MARC21/slim">
          <leader>00580nz a2200145 4500</leader>
          <controlfield tag="001">30000733</controlfield>
          <controlfield tag="003">RISM</controlfield>
          <controlfield tag="005">20121108</controlfield>
          <controlfield tag="008">121108n||az|||||||##########||||||||||||</controlfield>
          <datafield tag="043" ind1=" " ind2=" ">
            <subfield code="c">Germany</subfield>
          </datafield>
          <datafield tag="110" ind1="2" ind2=" ">
            <subfield code="a">Heinrich-Heine-Universität, Universitäts- und Landesbibliothek</subfield>
            <subfield code="c">Düsseldorf</subfield>
            <subfield code="g">D-DÜl</subfield>
          </datafield>
          <datafield tag="410" ind1="2" ind2=" ">
            <subfield code="a">Kgl. Landesbibliothek</subfield>
          </datafield>
          <datafield tag="410" ind1="2" ind2=" ">
            <subfield code="a">Landes- und Stadtbibliothek Düsseldorf</subfield>
          </datafield>
          <datafield tag="622" ind1=" " ind2=" ">
            <subfield code="e">Heinrich-Heine-Universität,, Universitäts- und Landesbibliothek, Gebäude 24.41,
              Universitätsstr. 1, 40225 Düsseldorf, Germany</subfield>
            <subfield code="u">http://www.ub.uni-duesseldorf.de/home/</subfield>
          </datafield>
          <datafield tag="852" ind1="2" ind2=" ">
            <subfield code="b">51.186929, 6.80234</subfield>
          </datafield>
          <idzebra xmlns="http://www.indexdata.dk/zebra/">
            <size>580</size>
            <localnumber>834269</localnumber>
            <filename>sigla/sigla.mrc</filename>
          </idzebra>
        </record>
      </zs:recordData>
      <zs:recordPosition>1104</zs:recordPosition>
    </zs:record>