<zs:record>
      <zs:recordPacking>xml</zs:recordPacking>
      <zs:recordData>
        <record xmlns="http://www.loc.gov/MARC21/slim">
          <leader>00394nz a2200109 4500</leader>
          <controlfield tag="001">30002749</controlfield>
          <controlfield tag="003">RISM</controlfield>
          <controlfield tag="005">20121108</controlfield>
          <controlfield tag="008">121108n||az|||||||##########||||||||||||</controlfield>
          <datafield tag="043" ind1=" " ind2=" ">
            <subfield code="c">Germany</subfield>
          </datafield>
          <datafield tag="110" ind1="2" ind2=" ">
            <subfield code="a">Evangelische Kirche im Rheinland, Landeskirchliche Bibliothek</subfield>
            <subfield code="c">Düsseldorf</subfield>
            <subfield code="g">D-DÜlk</subfield>
          </datafield>
          <datafield tag="622" ind1=" " ind2=" ">
            <subfield code="e">Evangelische Kirche im Rheinland,, Landeskirchliche Bibliothek, Hans-Böcklerstraße 7,
              40476 Düsseldorf, Germany</subfield>
          </datafield>
          <idzebra xmlns="http://www.indexdata.dk/zebra/">
            <size>394</size>
            <score>598</score>
            <localnumber>830130</localnumber>
            <filename>sigla/sigla.mrc</filename>
          </idzebra>
        </record>
      </zs:recordData>
      <zs:recordPosition>238</zs:recordPosition>
    </zs:record>