<zs:record>
      <zs:recordPacking>xml</zs:recordPacking>
      <zs:recordData>
        <record xmlns="http://www.loc.gov/MARC21/slim">
          <leader>00585nz a2200145 4500</leader>
          <controlfield tag="001">30001113</controlfield>
          <controlfield tag="003">RISM</controlfield>
          <controlfield tag="005">20121108</controlfield>
          <controlfield tag="008">121108n||az|||||||##########||||||||||||</controlfield>
          <datafield tag="043" ind1=" " ind2=" ">
            <subfield code="c">Germany</subfield>
          </datafield>
          <datafield tag="110" ind1="2" ind2=" ">
            <subfield code="a">Bibliothek und Archiv des Evangelischen Ministeriums (mit Bibliothek des
              Martinsstifts)</subfield>
            <subfield code="c">Erfurt</subfield>
            <subfield code="g">D-EFm</subfield>
          </datafield>
          <datafield tag="410" ind1="2" ind2=" ">
            <subfield code="a">Bibliothek des Evangelischen Ministeriums mit Bibliothek des Martinsstifts</subfield>
          </datafield>
          <datafield tag="622" ind1=" " ind2=" ">
            <subfield code="e">Bibliothek und Archiv des Evangelischen, Ministeriums (mit Bibliothek des,
              Martinsstifts), Comthurgasse 8, D-99084 Erfurt</subfield>
          </datafield>
          <datafield tag="680" ind1="2" ind2=" ">
            <subfield code="i">Arbeitsst.: Dresden</subfield>
          </datafield>
          <datafield tag="852" ind1="2" ind2=" ">
            <subfield code="b">50.9737341, 11.0224351</subfield>
          </datafield>
          <idzebra xmlns="http://www.indexdata.dk/zebra/">
            <size>585</size>
            <score>598</score>
            <localnumber>830652</localnumber>
            <filename>sigla/sigla.mrc</filename>
          </idzebra>
        </record>
      </zs:recordData>
      <zs:recordPosition>385</zs:recordPosition>
    </zs:record>