<zs:record>
      <zs:recordPacking>xml</zs:recordPacking>
      <zs:recordData>
        <record xmlns="http://www.loc.gov/MARC21/slim">
          <leader>00645nz a2200169 4500</leader>
          <controlfield tag="001">30000112</controlfield>
          <controlfield tag="003">RISM</controlfield>
          <controlfield tag="005">20121108</controlfield>
          <controlfield tag="008">121108n||az|||||||##########||||||||||||</controlfield>
          <datafield tag="043" ind1=" " ind2=" ">
            <subfield code="c">Germany</subfield>
          </datafield>
          <datafield tag="110" ind1="2" ind2=" ">
            <subfield code="a">Geschwister-Scholl-Gymnasium, Andreas-Möller-Bibliothek</subfield>
            <subfield code="c">Freiberg/Sachsen</subfield>
            <subfield code="g">D-FBo</subfield>
          </datafield>
          <datafield tag="410" ind1="2" ind2=" ">
            <subfield code="a">Geschwister-Scholl-Oberschule, Historische Bibliothek</subfield>
          </datafield>
          <datafield tag="410" ind1="2" ind2=" ">
            <subfield code="a">Gymnasium Albertinum</subfield>
          </datafield>
          <datafield tag="410" ind1="2" ind2=" ">
            <subfield code="a">Markgraf-Otto-Schule</subfield>
          </datafield>
          <datafield tag="622" ind1=" " ind2=" ">
            <subfield code="e">Geschwister-Scholl-Gymnasium, Andreas, -Möller-Bibliothek, Geschwister-Scholl-Straße 1,
              09599 Freiberg (Sachsen), Germany</subfield>
            <subfield code="u">http://www.gsg-freiberg.de/schule/bibliothek.html</subfield>
          </datafield>
          <datafield tag="688" ind1="2" ind2=" ">
            <subfield code="a">Series B: FBos</subfield>
          </datafield>
          <datafield tag="670" ind1="2" ind2=" ">
            <subfield code="a">7</subfield>
          </datafield>
          <idzebra xmlns="http://www.indexdata.dk/zebra/">
            <size>645</size>
            <score>598</score>
            <localnumber>832780</localnumber>
            <filename>sigla/sigla.mrc</filename>
          </idzebra>
        </record>
      </zs:recordData>
      <zs:recordPosition>906</zs:recordPosition>
    </zs:record>