<zs:record>
      <zs:recordPacking>xml</zs:recordPacking>
      <zs:recordData>
        <record xmlns="http://www.loc.gov/MARC21/slim">
          <leader>00671nz a2200157 4500</leader>
          <controlfield tag="001">30000771</controlfield>
          <controlfield tag="003">RISM</controlfield>
          <controlfield tag="005">20121108</controlfield>
          <controlfield tag="008">121108n||az|||||||##########||||||||||||</controlfield>
          <datafield tag="043" ind1=" " ind2=" ">
            <subfield code="c">Germany</subfield>
          </datafield>
          <datafield tag="110" ind1="2" ind2=" ">
            <subfield code="a">Bischöfliches Priesterseminar, Philosophisch-Theologische Hochschule,
              Bibliothek</subfield>
            <subfield code="c">Fulda</subfield>
            <subfield code="g">D-FUp</subfield>
          </datafield>
          <datafield tag="410" ind1="2" ind2=" ">
            <subfield code="a">Bibliothek des Bischöflichen Priesterseminars</subfield>
          </datafield>
          <datafield tag="410" ind1="2" ind2=" ">
            <subfield code="a">Bischöfliches Priesterseminar, Bibliothek der Philosophisch-Theologischen
              Hochschule</subfield>
          </datafield>
          <datafield tag="622" ind1=" " ind2=" ">
            <subfield code="e">Bischöfliches Priesterseminar,, Philosophisch-Theologische Hochschule,, Bibliothek,
              Domplatz 5, 36037 Fulda, Deutschland</subfield>
            <subfield code="u">http://www.priesterseminar-fulda.de/</subfield>
          </datafield>
          <datafield tag="670" ind1="2" ind2=" ">
            <subfield code="a">919</subfield>
          </datafield>
          <datafield tag="852" ind1="2" ind2=" ">
            <subfield code="b">50.553861, 9.674339</subfield>
          </datafield>
          <idzebra xmlns="http://www.indexdata.dk/zebra/">
            <size>671</size>
            <score>598</score>
            <localnumber>832075</localnumber>
            <filename>sigla/sigla.mrc</filename>
          </idzebra>
        </record>
      </zs:recordData>
      <zs:recordPosition>668</zs:recordPosition>
    </zs:record>