<zs:record>
      <zs:recordPacking>xml</zs:recordPacking>
      <zs:recordData>
        <record xmlns="http://www.loc.gov/MARC21/slim">
          <leader>00498nz a2200133 4500</leader>
          <controlfield tag="001">30003833</controlfield>
          <controlfield tag="003">RISM</controlfield>
          <controlfield tag="005">20121108</controlfield>
          <controlfield tag="008">121108n||az|||||||##########||||||||||||</controlfield>
          <datafield tag="043" ind1=" " ind2=" ">
            <subfield code="c">D</subfield>
          </datafield>
          <datafield tag="110" ind1="2" ind2=" ">
            <subfield code="a">Sängermuseum des Fränkischen Sängerbundes e. V., Archiv und Sammlungen</subfield>
            <subfield code="c">Feuchtwangen</subfield>
            <subfield code="g">D-FWGm</subfield>
          </datafield>
          <datafield tag="410" ind1="2" ind2=" ">
            <subfield code="a">Sänger-Museum</subfield>
          </datafield>
          <datafield tag="622" ind1=" " ind2=" ">
            <subfield code="e">Sängermuseum des Fränkischen, Sängerbundes e. V., Archiv und, Sammlungen, Am Spittel 4-6,
              D-91555 Feuchtwangen</subfield>
            <subfield code="u">http://www.saengermuseum.de/</subfield>
          </datafield>
          <datafield tag="852" ind1="2" ind2=" ">
            <subfield code="b">49.1676433, 10.3305298</subfield>
          </datafield>
          <idzebra xmlns="http://www.indexdata.dk/zebra/">
            <size>498</size>
            <score>598</score>
            <localnumber>829382</localnumber>
            <filename>sigla/sigla.mrc</filename>
          </idzebra>
        </record>
      </zs:recordData>
      <zs:recordPosition>46</zs:recordPosition>
    </zs:record>