<zs:record>
      <zs:recordPacking>xml</zs:recordPacking>
      <zs:recordData>
        <record xmlns="http://www.loc.gov/MARC21/slim">
          <leader>00586nz a2200133 4500</leader>
          <controlfield tag="001">30000755</controlfield>
          <controlfield tag="003">RISM</controlfield>
          <controlfield tag="005">20121108</controlfield>
          <controlfield tag="008">121108n||az|||||||##########||||||||||||</controlfield>
          <datafield tag="043" ind1=" " ind2=" ">
            <subfield code="c">Germany</subfield>
          </datafield>
          <datafield tag="110" ind1="2" ind2=" ">
            <subfield code="a">Musikwissenschaftliches Institut der Johann-Wolfgang-von-Goethe-Universität</subfield>
            <subfield code="c">Frankfurt am Main</subfield>
            <subfield code="g">D-Fmi</subfield>
          </datafield>
          <datafield tag="410" ind1="2" ind2=" ">
            <subfield code="a">Bibliothek des Musikwissenschaftlichen Instituts der J. W. Goethe-Universität</subfield>
          </datafield>
          <datafield tag="622" ind1=" " ind2=" ">
            <subfield code="e">Musikwissenschaftliches Institut der, Johann-Wolfgang-von-Goethe-Universität,
              Georg-Voigt-Str. 12, D-60054 Frankfurt, am Main</subfield>
            <subfield code="u">http://www.uni-frankfurt.de</subfield>
          </datafield>
          <datafield tag="852" ind1="2" ind2=" ">
            <subfield code="b">50.1114451, 8.6806154</subfield>
          </datafield>
          <idzebra xmlns="http://www.indexdata.dk/zebra/">
            <size>586</size>
            <localnumber>835106</localnumber>
            <filename>sigla/sigla.mrc</filename>
          </idzebra>
        </record>
      </zs:recordData>
      <zs:recordPosition>1264</zs:recordPosition>
    </zs:record>