<zs:record>
      <zs:recordPacking>xml</zs:recordPacking>
      <zs:recordData>
        <record xmlns="http://www.loc.gov/MARC21/slim">
          <leader>00417nz a2200109 4500</leader>
          <controlfield tag="001">30070457</controlfield>
          <controlfield tag="003">RISM</controlfield>
          <controlfield tag="005">20121108</controlfield>
          <controlfield tag="008">121108n||az|||||||##########||||||||||||</controlfield>
          <datafield tag="043" ind1=" " ind2=" ">
            <subfield code="c">Germany</subfield>
          </datafield>
          <datafield tag="110" ind1="2" ind2=" ">
            <subfield code="a">C. F. Peters Musikverlag, Archiv</subfield>
            <subfield code="c">Frankfurt am Main</subfield>
            <subfield code="g">D-Fmp</subfield>
          </datafield>
          <datafield tag="622" ind1=" " ind2=" ">
            <subfield code="e">C. F. Peters Musikverlag, Archiv, Hedderichstr. 108-110, 60596 Frankfurt am Main,
              Germany</subfield>
            <subfield code="u">https://www.edition-peters.de/cms/deutsch/edition-peters/online-katalog/</subfield>
          </datafield>
          <idzebra xmlns="http://www.indexdata.dk/zebra/">
            <size>417</size>
            <localnumber>834538</localnumber>
            <filename>sigla/sigla.mrc</filename>
          </idzebra>
        </record>
      </zs:recordData>
      <zs:recordPosition>1122</zs:recordPosition>
    </zs:record>