<zs:record>
      <zs:recordPacking>xml</zs:recordPacking>
      <zs:recordData>
        <record xmlns="http://www.loc.gov/MARC21/slim">
          <leader>00401nz a2200121 4500</leader>
          <controlfield tag="001">30000780</controlfield>
          <controlfield tag="003">RISM</controlfield>
          <controlfield tag="005">20121108</controlfield>
          <controlfield tag="008">121108n||az|||||||##########||||||||||||</controlfield>
          <datafield tag="043" ind1=" " ind2=" ">
            <subfield code="c">Germany</subfield>
          </datafield>
          <datafield tag="110" ind1="2" ind2=" ">
            <subfield code="a">Bibliothek der Redemptoristen</subfield>
            <subfield code="c">Gars am Inn</subfield>
            <subfield code="g">D-GAR</subfield>
          </datafield>
          <datafield tag="410" ind1="2" ind2=" ">
            <subfield code="a">Philosophisch-Theologische Ordenshochschule der Redemptoristen, Bibliothek</subfield>
          </datafield>
          <datafield tag="622" ind1=" " ind2=" ">
            <subfield code="e">Bibliothek der Redemptoristen, Kirchplatz 10, D-83536 Gars am Inn</subfield>
          </datafield>
          <idzebra xmlns="http://www.indexdata.dk/zebra/">
            <size>401</size>
            <score>598</score>
            <localnumber>830699</localnumber>
            <filename>sigla/sigla.mrc</filename>
          </idzebra>
        </record>
      </zs:recordData>
      <zs:recordPosition>395</zs:recordPosition>
    </zs:record>