<zs:record>
      <zs:recordPacking>xml</zs:recordPacking>
      <zs:recordData>
        <record xmlns="http://www.loc.gov/MARC21/slim">
          <leader>00335nz a2200133 4500</leader>
          <controlfield tag="001">30001138</controlfield>
          <controlfield tag="003">RISM</controlfield>
          <controlfield tag="005">20121108</controlfield>
          <controlfield tag="008">121108n||az|||||||##########||||||||||||</controlfield>
          <datafield tag="043" ind1=" " ind2=" ">
            <subfield code="c">Germany</subfield>
          </datafield>
          <datafield tag="110" ind1="2" ind2=" ">
            <subfield code="a">Pfarrarchiv</subfield>
            <subfield code="c">Großbrembach</subfield>
            <subfield code="g">D-GBB</subfield>
          </datafield>
          <datafield tag="622" ind1=" " ind2=" ">
            <subfield code="e">Pfarrarchiv, D-99610 Großbrembach (über Sömmerda)</subfield>
          </datafield>
          <datafield tag="680" ind1="2" ind2=" ">
            <subfield code="i">Arbeitsst.: Dresden</subfield>
          </datafield>
          <datafield tag="670" ind1="2" ind2=" ">
            <subfield code="a">3</subfield>
          </datafield>
          <idzebra xmlns="http://www.indexdata.dk/zebra/">
            <size>335</size>
            <score>598</score>
            <localnumber>831744</localnumber>
            <filename>sigla/sigla.mrc</filename>
          </idzebra>
        </record>
      </zs:recordData>
      <zs:recordPosition>596</zs:recordPosition>
    </zs:record>