<zs:record>
      <zs:recordPacking>xml</zs:recordPacking>
      <zs:recordData>
        <record xmlns="http://www.loc.gov/MARC21/slim">
          <leader>00453nz a2200121 4500</leader>
          <controlfield tag="001">30005625</controlfield>
          <controlfield tag="003">RISM</controlfield>
          <controlfield tag="005">20121108</controlfield>
          <controlfield tag="008">121108n||az|||||||##########||||||||||||</controlfield>
          <datafield tag="043" ind1=" " ind2=" ">
            <subfield code="c">Germany; XA</subfield>
            <subfield code="c">Germany; XA</subfield>
          </datafield>
          <datafield tag="110" ind1="2" ind2=" ">
            <subfield code="a">Thüringisches Staatsarchiv</subfield>
            <subfield code="c">Gotha</subfield>
            <subfield code="g">D-GOtsa</subfield>
          </datafield>
          <datafield tag="410" ind1="2" ind2=" ">
            <subfield code="a">Thüringisches Hauptstaatsarchiv Weimar, Außenstelle Gotha</subfield>
          </datafield>
          <datafield tag="622" ind1=" " ind2=" ">
            <subfield code="e">Thüringisches Staatsarchiv, Schloß Friedenstein, 99867 Gotha, Germany</subfield>
            <subfield code="u">http://www.thueringen.de/de/staatsarchive/gotha/</subfield>
          </datafield>
          <idzebra xmlns="http://www.indexdata.dk/zebra/">
            <size>453</size>
            <score>598</score>
            <localnumber>832595</localnumber>
            <filename>sigla/sigla.mrc</filename>
          </idzebra>
        </record>
      </zs:recordData>
      <zs:recordPosition>834</zs:recordPosition>
    </zs:record>