<zs:record>
      <zs:recordPacking>xml</zs:recordPacking>
      <zs:recordData>
        <record xmlns="http://www.loc.gov/MARC21/slim">
          <leader>00660nz a2200133 4500</leader>
          <controlfield tag="001">30076595</controlfield>
          <controlfield tag="003">RISM</controlfield>
          <controlfield tag="005">20121108</controlfield>
          <controlfield tag="008">121108n||az|||||||##########||||||||||||</controlfield>
          <datafield tag="043" ind1=" " ind2=" ">
            <subfield code="c">Germany</subfield>
          </datafield>
          <datafield tag="110" ind1="2" ind2=" ">
            <subfield code="a">Richard-Strauss-Archiv</subfield>
            <subfield code="c">Garmisch-Partenkirchen</subfield>
            <subfield code="g">D-GPrsa</subfield>
          </datafield>
          <datafield tag="520" ind1="2" ind2=" ">
            <subfield code="a">Autographe (Musikhandschriften) von Richard Strauss; Kopien der Musikalien, die sich in
              Familienbesitz befinden; Korrespondenz von Richard Strauss mit H. v. Hofmannsthal, Stefan Zweig und Joseph
              Gregor sowie weitere Briefwechsel mit verschiedenen Persönlichkeiten in großem Umfang</subfield>
          </datafield>
          <datafield tag="622" ind1=" " ind2=" ">
            <subfield code="e">Richard-Strauss-Archiv, Zöppritzstrasse 42, 82467 Garmisch-Partenkirchen</subfield>
          </datafield>
          <datafield tag="852" ind1="2" ind2=" ">
            <subfield code="b">47.492343, 11.086231</subfield>
          </datafield>
          <idzebra xmlns="http://www.indexdata.dk/zebra/">
            <size>660</size>
            <localnumber>834881</localnumber>
            <filename>sigla/sigla.mrc</filename>
          </idzebra>
        </record>
      </zs:recordData>
      <zs:recordPosition>1181</zs:recordPosition>
    </zs:record>