<zs:record>
      <zs:recordPacking>xml</zs:recordPacking>
      <zs:recordData>
        <record xmlns="http://www.loc.gov/MARC21/slim">
          <leader>00732nz a2200133 4500</leader>
          <controlfield tag="001">30076597</controlfield>
          <controlfield tag="003">RISM</controlfield>
          <controlfield tag="005">20121108</controlfield>
          <controlfield tag="008">121108n||az|||||||##########||||||||||||</controlfield>
          <datafield tag="043" ind1=" " ind2=" ">
            <subfield code="c">Germany</subfield>
          </datafield>
          <datafield tag="110" ind1="2" ind2=" ">
            <subfield code="a">Richard-Strauss-Institut</subfield>
            <subfield code="c">Garmisch-Partenkirchen</subfield>
            <subfield code="g">D-GPrsi</subfield>
          </datafield>
          <datafield tag="520" ind1="2" ind2=" ">
            <subfield code="a">Autographe von Richard Strauss; frühe Notenausgaben der Werke von Richard Strauss, z. T.
              mit autographen Einträgen; Dirigierpartituren z. T. mit autographen Einträgen; Sonstige Straussiana
              (Filmmateriale, Programmzettel, Sonderstempel, Briefmarken, Bühnenbilder etc.); Vereinzelt Quellen, die
              Richard Strauss nicht betreffen (Namenszüge etc.)</subfield>
          </datafield>
          <datafield tag="622" ind1=" " ind2=" ">
            <subfield code="e">Richard-Strauss-Institut, Schnitzschulstraße 19, 82467 Garmisch-Partenkirchen</subfield>
          </datafield>
          <datafield tag="852" ind1="2" ind2=" ">
            <subfield code="b">47.492343, 11.086231</subfield>
          </datafield>
          <idzebra xmlns="http://www.indexdata.dk/zebra/">
            <size>732</size>
            <localnumber>834807</localnumber>
            <filename>sigla/sigla.mrc</filename>
          </idzebra>
        </record>
      </zs:recordData>
      <zs:recordPosition>1158</zs:recordPosition>
    </zs:record>