<zs:record>
      <zs:recordPacking>xml</zs:recordPacking>
      <zs:recordData>
        <record xmlns="http://www.loc.gov/MARC21/slim">
          <leader>00674nz a2200157 4500</leader>
          <controlfield tag="001">30001159</controlfield>
          <controlfield tag="003">RISM</controlfield>
          <controlfield tag="005">20121108</controlfield>
          <controlfield tag="008">121108n||az|||||||##########||||||||||||</controlfield>
          <datafield tag="043" ind1=" " ind2=" ">
            <subfield code="c">Germany</subfield>
          </datafield>
          <datafield tag="110" ind1="2" ind2=" ">
            <subfield code="a">Bibliothek des geistlichen Ministeriums (ehemals: c/o Konsistorialbibliothek)</subfield>
            <subfield code="c">Greifswald</subfield>
            <subfield code="g">D-GRk</subfield>
          </datafield>
          <datafield tag="410" ind1="2" ind2=" ">
            <subfield code="a">Evangelisches Konsistorium, Konsistorialbibliothek</subfield>
          </datafield>
          <datafield tag="410" ind1="2" ind2=" ">
            <subfield code="a">Landeskirchliches Archiv, Pommersche Evangelische Kirche</subfield>
          </datafield>
          <datafield tag="622" ind1=" " ind2=" ">
            <subfield code="e">Bibliothek des geistlichen Ministeriums, (ehemals: c/o Konsistorialbibliothek),
              Kirchenkreis Greifswald, Martin-Luther, -Str. 8, D-17489 Greifswald, Tel:, 03834/796641</subfield>
          </datafield>
          <datafield tag="680" ind1="2" ind2=" ">
            <subfield code="i">Arbeitsst.: Dresden</subfield>
          </datafield>
          <datafield tag="852" ind1="2" ind2=" ">
            <subfield code="b">54.0972025, 13.3880102</subfield>
          </datafield>
          <idzebra xmlns="http://www.indexdata.dk/zebra/">
            <size>674</size>
            <score>598</score>
            <localnumber>832739</localnumber>
            <filename>sigla/sigla.mrc</filename>
          </idzebra>
        </record>
      </zs:recordData>
      <zs:recordPosition>896</zs:recordPosition>
    </zs:record>