<zs:record>
      <zs:recordPacking>xml</zs:recordPacking>
      <zs:recordData>
        <record xmlns="http://www.loc.gov/MARC21/slim">
          <leader>00667nz a2200193 4500</leader>
          <controlfield tag="001">30000772</controlfield>
          <controlfield tag="003">RISM</controlfield>
          <controlfield tag="005">20121108</controlfield>
          <controlfield tag="008">121108n||az|||||||##########||||||||||||</controlfield>
          <datafield tag="043" ind1=" " ind2=" ">
            <subfield code="c">Germany</subfield>
          </datafield>
          <datafield tag="110" ind1="2" ind2=" ">
            <subfield code="a">Staatliches Archivlager</subfield>
            <subfield code="c">Göttingen</subfield>
            <subfield code="g">D-Ga</subfield>
          </datafield>
          <datafield tag="410" ind1="2" ind2=" ">
            <subfield code="a">Staatliches Archiv</subfield>
          </datafield>
          <datafield tag="410" ind1="2" ind2=" ">
            <subfield code="a">Staatliches Archivlager, Abteilung Zerbster Bestände des zonalen Archivlagers</subfield>
          </datafield>
          <datafield tag="580" ind1=" " ind2=" ">
            <subfield code="x">D-ORB</subfield>
            <subfield code="0">30000108</subfield>
          </datafield>
          <datafield tag="580" ind1=" " ind2=" ">
            <subfield code="x">D-Bga</subfield>
            <subfield code="0">30005632</subfield>
          </datafield>
          <datafield tag="622" ind1=" " ind2=" ">
            <subfield code="e">Staatliches Archivlager, Merkelstraße 3, 37085 Göttingen, Germany</subfield>
          </datafield>
          <datafield tag="680" ind1="2" ind2=" ">
            <subfield code="i">Teiles des Bestandes befinden sich in D-Bga und D-ORB.</subfield>
          </datafield>
          <datafield tag="688" ind1="2" ind2=" ">
            <subfield code="a">Series B: Gsa; Series B: G-ZE; Series B: ZE-G</subfield>
          </datafield>
          <datafield tag="852" ind1="2" ind2=" ">
            <subfield code="b">51.532605, 9.928442</subfield>
          </datafield>
          <idzebra xmlns="http://www.indexdata.dk/zebra/">
            <size>667</size>
            <score>598</score>
            <localnumber>832076</localnumber>
            <filename>sigla/sigla.mrc</filename>
          </idzebra>
        </record>
      </zs:recordData>
      <zs:recordPosition>669</zs:recordPosition>
    </zs:record>