<zs:record>
      <zs:recordPacking>xml</zs:recordPacking>
      <zs:recordData>
        <record xmlns="http://www.loc.gov/MARC21/slim">
          <leader>00429nz a2200121 4500</leader>
          <controlfield tag="001">30070409</controlfield>
          <controlfield tag="003">RISM</controlfield>
          <controlfield tag="005">20121108</controlfield>
          <controlfield tag="008">121108n||az|||||||##########||||||||||||</controlfield>
          <datafield tag="043" ind1=" " ind2=" ">
            <subfield code="c">Germany</subfield>
          </datafield>
          <datafield tag="110" ind1="2" ind2=" ">
            <subfield code="a">Göttinger Händel-Gesellschaft e. V.</subfield>
            <subfield code="c">Göttingen</subfield>
            <subfield code="g">D-Ghg</subfield>
          </datafield>
          <datafield tag="622" ind1=" " ind2=" ">
            <subfield code="e">Göttinger Händel-Gesellschaft e. V., Hainholzweg 3, 37085 Göttingen, Germany</subfield>
            <subfield code="u">http://www.haendel-festspiele.de/front_content.php?idcat=159</subfield>
          </datafield>
          <datafield tag="852" ind1="2" ind2=" ">
            <subfield code="b">51.532605, 9.928442</subfield>
          </datafield>
          <idzebra xmlns="http://www.indexdata.dk/zebra/">
            <size>429</size>
            <localnumber>834668</localnumber>
            <filename>sigla/sigla.mrc</filename>
          </idzebra>
        </record>
      </zs:recordData>
      <zs:recordPosition>1135</zs:recordPosition>
    </zs:record>