<zs:record>
      <zs:recordPacking>xml</zs:recordPacking>
      <zs:recordData>
        <record xmlns="http://www.loc.gov/MARC21/slim">
          <leader>00664nz a2200145 4500</leader>
          <controlfield tag="001">30001168</controlfield>
          <controlfield tag="003">RISM</controlfield>
          <controlfield tag="005">20121108</controlfield>
          <controlfield tag="008">121108n||az|||||||##########||||||||||||</controlfield>
          <datafield tag="043" ind1=" " ind2=" ">
            <subfield code="c">Germany</subfield>
          </datafield>
          <datafield tag="110" ind1="2" ind2=" ">
            <subfield code="a">Franckesche Stiftungen - Studienzentrum August Hermann Francke - Archiv und Bibliothek </subfield>
            <subfield code="c">Halle (Saale)</subfield>
            <subfield code="g">D-HAf</subfield>
          </datafield>
          <datafield tag="410" ind1="2" ind2=" ">
            <subfield code="a">Hauptbibliothek und Archiv der Franckeschen Stiftungen</subfield>
          </datafield>
          <datafield tag="622" ind1=" " ind2=" ">
            <subfield code="e">Franckesche Stiftungen - Studienzentrum, August Hermann Francke - Archiv und, Bibliothek
              , Franckeplatz 1, Haus 22-24, 06110 Halle (Saale), Germany</subfield>
            <subfield code="u">http://www.francke-halle.de/main/index2.php?cf=3_1</subfield>
          </datafield>
          <datafield tag="710" ind1="2" ind2=" ">
            <subfield code="a">Waisenhausbuch-Verlag</subfield>
            <subfield code="0">30076899</subfield>
          </datafield>
          <datafield tag="852" ind1="2" ind2=" ">
            <subfield code="b">51.4766371, 11.9717395</subfield>
          </datafield>
          <idzebra xmlns="http://www.indexdata.dk/zebra/">
            <size>664</size>
            <score>598</score>
            <localnumber>832745</localnumber>
            <filename>sigla/sigla.mrc</filename>
          </idzebra>
        </record>
      </zs:recordData>
      <zs:recordPosition>902</zs:recordPosition>
    </zs:record>