<zs:record>
      <zs:recordPacking>xml</zs:recordPacking>
      <zs:recordData>
        <record xmlns="http://www.loc.gov/MARC21/slim">
          <leader>01029nz a2200217 4500</leader>
          <controlfield tag="001">30000046</controlfield>
          <controlfield tag="003">RISM</controlfield>
          <controlfield tag="005">20121108</controlfield>
          <controlfield tag="008">121108n||az|||||||##########||||||||||||</controlfield>
          <datafield tag="043" ind1=" " ind2=" ">
            <subfield code="c">Germany</subfield>
          </datafield>
          <datafield tag="110" ind1="2" ind2=" ">
            <subfield code="a">Zweigbibliothek Musik der Universitäts- und Landesbibliothek Sachsen-Anhalt</subfield>
            <subfield code="c">Halle (Saale)</subfield>
            <subfield code="g">D-HAmi</subfield>
          </datafield>
          <datafield tag="410" ind1="2" ind2=" ">
            <subfield code="a">Martin-Luther-Universität Halle-Wittenberg, Institut für Musikwissenschaft,
              Bibliothek</subfield>
          </datafield>
          <datafield tag="410" ind1="2" ind2=" ">
            <subfield code="a">Bibliothek des Musikwissenschaftlichen Instituts</subfield>
          </datafield>
          <datafield tag="410" ind1="2" ind2=" ">
            <subfield code="a">Martin-Luther-Universität, Sektion Germanistik u. Kulturwissenschaften, FB
              Musikwissenschaft</subfield>
          </datafield>
          <datafield tag="410" ind1="2" ind2=" ">
            <subfield code="a">Sektion Germanistik und Kunstwissenschaften der Martin-Luther-Universität, Fachbereich
              Musikwiss.</subfield>
          </datafield>
          <datafield tag="410" ind1="2" ind2=" ">
            <subfield code="a">Philosophische Fakultät II</subfield>
          </datafield>
          <datafield tag="580" ind1=" " ind2=" ">
            <subfield code="x">D-HAu</subfield>
            <subfield code="0">30000047</subfield>
          </datafield>
          <datafield tag="622" ind1=" " ind2=" ">
            <subfield code="e">Zweigbibliothek Musik der Universitäts-, und Landesbibliothek Sachsen-Anhalt, Kleine
              Marktstr. 7, 06108 Halle (Saale), Germany</subfield>
            <subfield code="u">http://bibliothek.uni-halle.de/zweigbib/ha38/</subfield>
          </datafield>
          <datafield tag="680" ind1="2" ind2=" ">
            <subfield code="i">Depositum in D-HAu.</subfield>
          </datafield>
          <datafield tag="670" ind1="2" ind2=" ">
            <subfield code="a">27</subfield>
          </datafield>
          <datafield tag="852" ind1="2" ind2=" ">
            <subfield code="b">51.4848, 11.96739</subfield>
          </datafield>
          <idzebra xmlns="http://www.indexdata.dk/zebra/">
            <size>1029</size>
            <score>598</score>
            <localnumber>832371</localnumber>
            <filename>sigla/sigla.mrc</filename>
          </idzebra>
        </record>
      </zs:recordData>
      <zs:recordPosition>771</zs:recordPosition>
    </zs:record>