<zs:record>
      <zs:recordPacking>xml</zs:recordPacking>
      <zs:recordData>
        <record xmlns="http://www.loc.gov/MARC21/slim">
          <leader>00335nz a2200109 4500</leader>
          <controlfield tag="001">30078007</controlfield>
          <controlfield tag="003">RISM</controlfield>
          <controlfield tag="005">20121108</controlfield>
          <controlfield tag="008">121108n||az|||||||##########||||||||||||</controlfield>
          <datafield tag="043" ind1=" " ind2=" ">
            <subfield code="c">Germany</subfield>
          </datafield>
          <datafield tag="110" ind1="2" ind2=" ">
            <subfield code="a">Privatbibliothek Dieter Pretzsch</subfield>
            <subfield code="c">Halle (Saale)</subfield>
            <subfield code="g">D-HApretzsch</subfield>
          </datafield>
          <datafield tag="622" ind1=" " ind2=" ">
            <subfield code="e">Privatbibliothek Dieter Pretzsch, Herweghstr. 99, 06114 Halle (Saale), Germany</subfield>
          </datafield>
          <idzebra xmlns="http://www.indexdata.dk/zebra/">
            <size>335</size>
            <score>598</score>
            <localnumber>829343</localnumber>
            <filename>sigla/sigla.mrc</filename>
          </idzebra>
        </record>
      </zs:recordData>
      <zs:recordPosition>31</zs:recordPosition>
    </zs:record>