<zs:record>
      <zs:recordPacking>xml</zs:recordPacking>
      <zs:recordData>
        <record xmlns="http://www.loc.gov/MARC21/slim">
          <leader>00466nz a2200133 4500</leader>
          <controlfield tag="001">30000047</controlfield>
          <controlfield tag="003">RISM</controlfield>
          <controlfield tag="005">20121108</controlfield>
          <controlfield tag="008">121108n||az|||||||##########||||||||||||</controlfield>
          <datafield tag="043" ind1=" " ind2=" ">
            <subfield code="c">Germany</subfield>
          </datafield>
          <datafield tag="110" ind1="2" ind2=" ">
            <subfield code="a">Universitäts- und Landesbibliothek Sachsen-Anhalt</subfield>
            <subfield code="c">Halle (Saale)</subfield>
            <subfield code="g">D-HAu</subfield>
          </datafield>
          <datafield tag="622" ind1=" " ind2=" ">
            <subfield code="e">Universitäts- und Landesbibliothek, Sachsen-Anhalt, August-Bebel-Straße 13/50, 06108
              Halle (Saale), Germany</subfield>
            <subfield code="u">http://bibliothek.uni-halle.de/</subfield>
          </datafield>
          <datafield tag="670" ind1="2" ind2=" ">
            <subfield code="a">1093</subfield>
          </datafield>
          <datafield tag="852" ind1="2" ind2=" ">
            <subfield code="b">51.48997, 11.96942</subfield>
          </datafield>
          <idzebra xmlns="http://www.indexdata.dk/zebra/">
            <size>466</size>
            <localnumber>836051</localnumber>
            <filename>sigla/sigla.mrc</filename>
          </idzebra>
        </record>
      </zs:recordData>
      <zs:recordPosition>1475</zs:recordPosition>
    </zs:record>