<zs:record>
      <zs:recordPacking>xml</zs:recordPacking>
      <zs:recordData>
        <record xmlns="http://www.loc.gov/MARC21/slim">
          <leader>00596nz a2200157 4500</leader>
          <controlfield tag="001">30000799</controlfield>
          <controlfield tag="003">RISM</controlfield>
          <controlfield tag="005">20121108</controlfield>
          <controlfield tag="008">121108n||az|||||||##########||||||||||||</controlfield>
          <datafield tag="043" ind1=" " ind2=" ">
            <subfield code="c">Germany</subfield>
          </datafield>
          <datafield tag="110" ind1="2" ind2=" ">
            <subfield code="a">Musikwissenschaftliches Seminar der Ruprecht-Karls-Universität</subfield>
            <subfield code="c">Heidelberg</subfield>
            <subfield code="g">D-HEms</subfield>
          </datafield>
          <datafield tag="410" ind1="2" ind2=" ">
            <subfield code="a">früher: Musikwissenschaftliches Seminar der Universität</subfield>
          </datafield>
          <datafield tag="622" ind1=" " ind2=" ">
            <subfield code="e">Musikwissenschaftliches Seminar der, Ruprecht-Karls-Universität, Augustinergasse 7, 69117
              Heidelberg, Deutschland</subfield>
            <subfield code="u">http://www.musikwissenschaft.uni-hd.de/</subfield>
          </datafield>
          <datafield tag="688" ind1="2" ind2=" ">
            <subfield code="a">Series B: HEs</subfield>
          </datafield>
          <datafield tag="670" ind1="2" ind2=" ">
            <subfield code="a">930</subfield>
          </datafield>
          <datafield tag="852" ind1="2" ind2=" ">
            <subfield code="b">49.4110192, 8.7068576</subfield>
          </datafield>
          <idzebra xmlns="http://www.indexdata.dk/zebra/">
            <size>596</size>
            <score>598</score>
            <localnumber>830353</localnumber>
            <filename>sigla/sigla.mrc</filename>
          </idzebra>
        </record>
      </zs:recordData>
      <zs:recordPosition>286</zs:recordPosition>
    </zs:record>