<zs:record>
      <zs:recordPacking>xml</zs:recordPacking>
      <zs:recordData>
        <record xmlns="http://www.loc.gov/MARC21/slim">
          <leader>00551nz a2200133 4500</leader>
          <controlfield tag="001">30061587</controlfield>
          <controlfield tag="003">RISM</controlfield>
          <controlfield tag="005">20121108</controlfield>
          <controlfield tag="008">121108n||az|||||||##########||||||||||||</controlfield>
          <datafield tag="043" ind1=" " ind2=" ">
            <subfield code="c">Germany</subfield>
          </datafield>
          <datafield tag="110" ind1="2" ind2=" ">
            <subfield code="a">Michaeliskloster - Ev. Zentrum für Gottesdienst und Kirchenmusik, Bibliothek</subfield>
            <subfield code="c">Hildesheim</subfield>
            <subfield code="g">D-HImk</subfield>
          </datafield>
          <datafield tag="622" ind1=" " ind2=" ">
            <subfield code="e">Michaeliskloster - Ev. Zentrum für, Gottesdienst und Kirchenmusik,, Bibliothek, Hinter
              der Michaeliskirche 3-5, 31134 Hildesheim, Germany</subfield>
            <subfield code="u">http://www.agk-hannover.de/</subfield>
          </datafield>
          <datafield tag="710" ind1="2" ind2=" ">
            <subfield code="a">Hannoversches Gesangbucharchiv</subfield>
            <subfield code="0">30077026</subfield>
          </datafield>
          <datafield tag="852" ind1="2" ind2=" ">
            <subfield code="b">52.15343, 9.94347</subfield>
          </datafield>
          <idzebra xmlns="http://www.indexdata.dk/zebra/">
            <size>551</size>
            <localnumber>834915</localnumber>
            <filename>sigla/sigla.mrc</filename>
          </idzebra>
        </record>
      </zs:recordData>
      <zs:recordPosition>1208</zs:recordPosition>
    </zs:record>