<zs:record>
      <zs:recordPacking>xml</zs:recordPacking>
      <zs:recordData>
        <record xmlns="http://www.loc.gov/MARC21/slim">
          <leader>00571nz a2200145 4500</leader>
          <controlfield tag="001">30000805</controlfield>
          <controlfield tag="003">RISM</controlfield>
          <controlfield tag="005">20121108</controlfield>
          <controlfield tag="008">121108n||az|||||||##########||||||||||||</controlfield>
          <datafield tag="043" ind1=" " ind2=" ">
            <subfield code="c">Germany</subfield>
          </datafield>
          <datafield tag="110" ind1="2" ind2=" ">
            <subfield code="a">Schloß (über Niederstetten, Baden-Württemberg), Fürst zu Hohenlohe-Jagstberg'sche
              Bibliothek</subfield>
            <subfield code="c">Haltenbergstetten</subfield>
            <subfield code="g">D-HL</subfield>
          </datafield>
          <datafield tag="410" ind1="2" ind2=" ">
            <subfield code="a">Schloß Haltenbergstetten bei Niederstetten</subfield>
          </datafield>
          <datafield tag="580" ind1=" " ind2=" ">
            <subfield code="x">D-Mbs</subfield>
            <subfield code="0">30000882</subfield>
          </datafield>
          <datafield tag="680" ind1="2" ind2=" ">
            <subfield code="i">Die Bibliothek wurde 1975 verkauft. Die Musikhandschriften sind im Besitz von D-Mbs. Der
              Verbleib der Musikdrucke ist unbekannt.</subfield>
          </datafield>
          <datafield tag="710" ind1="2" ind2=" ">
            <subfield code="a">Schloss</subfield>
            <subfield code="0">30027486</subfield>
          </datafield>
          <idzebra xmlns="http://www.indexdata.dk/zebra/">
            <size>571</size>
            <localnumber>836434</localnumber>
            <filename>sigla/sigla.mrc</filename>
          </idzebra>
        </record>
      </zs:recordData>
      <zs:recordPosition>1537</zs:recordPosition>
    </zs:record>