<zs:record>
      <zs:recordPacking>xml</zs:recordPacking>
      <zs:recordData>
        <record xmlns="http://www.loc.gov/MARC21/slim">
          <leader>00388nz a2200121 4500</leader>
          <controlfield tag="001">30083</controlfield>
          <controlfield tag="003">RISM</controlfield>
          <controlfield tag="005">20121108</controlfield>
          <controlfield tag="008">121108n||az|||||||##########||||||||||||</controlfield>
          <datafield tag="043" ind1=" " ind2=" ">
            <subfield code="c">Germany</subfield>
          </datafield>
          <datafield tag="110" ind1="2" ind2=" ">
            <subfield code="a">Niedersächsisches Staatstheater Hannover, Archiv</subfield>
            <subfield code="c">Hannover</subfield>
            <subfield code="g">D-HVns</subfield>
          </datafield>
          <datafield tag="622" ind1=" " ind2=" ">
            <subfield code="e">Niedersächsisches Staatstheater, Hannover, Archiv, Opernplatz 1, 30159 Hannover,
              Germany</subfield>
          </datafield>
          <datafield tag="852" ind1="2" ind2=" ">
            <subfield code="b">52.3720683, 9.7356861</subfield>
          </datafield>
          <idzebra xmlns="http://www.indexdata.dk/zebra/">
            <size>388</size>
            <score>598</score>
            <localnumber>829347</localnumber>
            <filename>sigla/sigla.mrc</filename>
          </idzebra>
        </record>
      </zs:recordData>
      <zs:recordPosition>35</zs:recordPosition>
    </zs:record>