<zs:record>
      <zs:recordPacking>xml</zs:recordPacking>
      <zs:recordData>
        <record xmlns="http://www.loc.gov/MARC21/slim">
          <leader>00457nz a2200133 4500</leader>
          <controlfield tag="001">30006044</controlfield>
          <controlfield tag="003">RISM</controlfield>
          <controlfield tag="005">20121108</controlfield>
          <controlfield tag="008">121108n||az|||||||##########||||||||||||</controlfield>
          <datafield tag="043" ind1=" " ind2=" ">
            <subfield code="c">Germany</subfield>
          </datafield>
          <datafield tag="110" ind1="2" ind2=" ">
            <subfield code="a">Hasse-Gesellschaft Bergedorf e. V. - Hasse-Archiv</subfield>
            <subfield code="c">Hamburg</subfield>
            <subfield code="g">D-Hhg</subfield>
          </datafield>
          <datafield tag="622" ind1=" " ind2=" ">
            <subfield code="e">Hasse-Gesellschaft Bergedorf e. V., Johann-Adolf-Hasse-Platz 1, 21029 Hamburg,
              Germany</subfield>
            <subfield code="u">http://www.hasse-gesellschaft-bergedorf.de/index.html</subfield>
          </datafield>
          <datafield tag="670" ind1="2" ind2=" ">
            <subfield code="a">13</subfield>
          </datafield>
          <datafield tag="852" ind1="2" ind2=" ">
            <subfield code="b">53.553813, 9.991586</subfield>
          </datafield>
          <idzebra xmlns="http://www.indexdata.dk/zebra/">
            <size>457</size>
            <score>598</score>
            <localnumber>831439</localnumber>
            <filename>sigla/sigla.mrc</filename>
          </idzebra>
        </record>
      </zs:recordData>
      <zs:recordPosition>539</zs:recordPosition>
    </zs:record>