<zs:record>
      <zs:recordPacking>xml</zs:recordPacking>
      <zs:recordData>
        <record xmlns="http://www.loc.gov/MARC21/slim">
          <leader>00763nz a2200193 4500</leader>
          <controlfield tag="001">30000791</controlfield>
          <controlfield tag="003">RISM</controlfield>
          <controlfield tag="005">20121108</controlfield>
          <controlfield tag="008">121108n||az|||||||##########||||||||||||</controlfield>
          <datafield tag="043" ind1=" " ind2=" ">
            <subfield code="c">Germany</subfield>
          </datafield>
          <datafield tag="110" ind1="2" ind2=" ">
            <subfield code="a">Bücherhallen Hamburg, Abteilung Musik und Tanz</subfield>
            <subfield code="c">Hamburg</subfield>
            <subfield code="g">D-Hmb</subfield>
          </datafield>
          <datafield tag="410" ind1="2" ind2=" ">
            <subfield code="a">Musikbücherei der Hamburger Öffentlichen Bücherhallen</subfield>
          </datafield>
          <datafield tag="410" ind1="2" ind2=" ">
            <subfield code="a">Musikbücherei der Öffentlichen Bücherhallen</subfield>
          </datafield>
          <datafield tag="410" ind1="2" ind2=" ">
            <subfield code="a">Bücherhallen Hamburg. Zentralbibliothek, Wissensgebiete Musik &amp; Tanz
              (Musikbibliothek)</subfield>
          </datafield>
          <datafield tag="410" ind1="2" ind2=" ">
            <subfield code="a">Hamburger Öffentliche Bücherhallen, Musikbücherei</subfield>
          </datafield>
          <datafield tag="622" ind1=" " ind2=" ">
            <subfield code="e">Bücherhallen Hamburg, Abteilung Musik, und Tanz, Hühnerposten 1, 20097 Hamburg</subfield>
            <subfield code="u">http://www.buecherhallen.de</subfield>
          </datafield>
          <datafield tag="688" ind1="2" ind2=" ">
            <subfield code="a">Series B: Hm</subfield>
          </datafield>
          <datafield tag="670" ind1="2" ind2=" ">
            <subfield code="a">88</subfield>
          </datafield>
          <datafield tag="852" ind1="2" ind2=" ">
            <subfield code="b">53.549379, 10.008464</subfield>
          </datafield>
          <idzebra xmlns="http://www.indexdata.dk/zebra/">
            <size>763</size>
            <score>598</score>
            <localnumber>830706</localnumber>
            <filename>sigla/sigla.mrc</filename>
          </idzebra>
        </record>
      </zs:recordData>
      <zs:recordPosition>402</zs:recordPosition>
    </zs:record>