<zs:record>
      <zs:recordPacking>xml</zs:recordPacking>
      <zs:recordData>
        <record xmlns="http://www.loc.gov/MARC21/slim">
          <leader>00557nz a2200145 4500</leader>
          <controlfield tag="001">30026126</controlfield>
          <controlfield tag="003">RISM</controlfield>
          <controlfield tag="005">20121108</controlfield>
          <controlfield tag="008">121108n||az|||||||##########||||||||||||</controlfield>
          <datafield tag="043" ind1=" " ind2=" ">
            <subfield code="c">Germany</subfield>
            <subfield code="c">Germany</subfield>
          </datafield>
          <datafield tag="110" ind1="2" ind2=" ">
            <subfield code="a">Museum für Bergedorf und die Vierlande</subfield>
            <subfield code="c">Hamburg</subfield>
            <subfield code="g">D-Hmbv</subfield>
          </datafield>
          <datafield tag="580" ind1=" " ind2=" ">
            <subfield code="x">D-Hhg</subfield>
            <subfield code="0">30006044</subfield>
          </datafield>
          <datafield tag="622" ind1=" " ind2=" ">
            <subfield code="e">Museum für Bergedorf und die Vierlande, Schloss Bergedorf, Bergedorfer Schlossstraße 4,
              21029 Hamburg, Germany</subfield>
            <subfield code="u">http://www.bergedorfmuseum.de/</subfield>
          </datafield>
          <datafield tag="680" ind1="2" ind2=" ">
            <subfield code="i">Depositum in D-Hhg. Gliederung von D-Hmg.</subfield>
          </datafield>
          <datafield tag="710" ind1="2" ind2=" ">
            <subfield code="a">Museum für Hamburgische Geschichte</subfield>
            <subfield code="0">30000792</subfield>
          </datafield>
          <idzebra xmlns="http://www.indexdata.dk/zebra/">
            <size>557</size>
            <localnumber>834820</localnumber>
            <filename>sigla/sigla.mrc</filename>
          </idzebra>
        </record>
      </zs:recordData>
      <zs:recordPosition>1161</zs:recordPosition>
    </zs:record>