<zs:record>
      <zs:recordPacking>xml</zs:recordPacking>
      <zs:recordData>
        <record xmlns="http://www.loc.gov/MARC21/slim">
          <leader>00538nz a2200145 4500</leader>
          <controlfield tag="001">30001188</controlfield>
          <controlfield tag="003">RISM</controlfield>
          <controlfield tag="005">20121108</controlfield>
          <controlfield tag="008">121108n||az|||||||##########||||||||||||</controlfield>
          <datafield tag="043" ind1=" " ind2=" ">
            <subfield code="c">Germany</subfield>
          </datafield>
          <datafield tag="110" ind1="2" ind2=" ">
            <subfield code="a">Ernst-Abbe-Bücherei und Lesehalle der Carl-Zeiss-Stiftung, Musikbibliothek</subfield>
            <subfield code="c">Jena</subfield>
            <subfield code="g">D-Jmb</subfield>
          </datafield>
          <datafield tag="410" ind1="2" ind2=" ">
            <subfield code="a">Öffentliche Lesehalle und Bibliothek</subfield>
          </datafield>
          <datafield tag="410" ind1="2" ind2=" ">
            <subfield code="a">Ernst-Abbe-Bücherei, Musikbücherei</subfield>
          </datafield>
          <datafield tag="622" ind1=" " ind2=" ">
            <subfield code="e">Ernst-Abbe-Bücherei und Lesehalle der, Carl-Zeiss-Stiftung, Musikbibliothek,
              Carl-Zeiss-Platz 15, D-07743 Jena</subfield>
          </datafield>
          <datafield tag="680" ind1="2" ind2=" ">
            <subfield code="i">Arbeitsst.: Dresden</subfield>
          </datafield>
          <idzebra xmlns="http://www.indexdata.dk/zebra/">
            <size>538</size>
            <localnumber>836047</localnumber>
            <filename>sigla/sigla.mrc</filename>
          </idzebra>
        </record>
      </zs:recordData>
      <zs:recordPosition>1471</zs:recordPosition>
    </zs:record>