<zs:record>
      <zs:recordPacking>xml</zs:recordPacking>
      <zs:recordData>
        <record xmlns="http://www.loc.gov/MARC21/slim">
          <leader>00532nz a2200133 4500</leader>
          <controlfield tag="001">30001189</controlfield>
          <controlfield tag="003">RISM</controlfield>
          <controlfield tag="005">20121108</controlfield>
          <controlfield tag="008">121108n||az|||||||##########||||||||||||</controlfield>
          <datafield tag="043" ind1=" " ind2=" ">
            <subfield code="c">Germany</subfield>
          </datafield>
          <datafield tag="110" ind1="2" ind2=" ">
            <subfield code="a">Friedrich-Schiller-Universität, Sektion Literatur- und Kunstwissenschaften, Bibliothek
              des ehem. Musikwissenschaftlichen Instituts</subfield>
            <subfield code="c">Jena</subfield>
            <subfield code="g">D-Jmi</subfield>
          </datafield>
          <datafield tag="410" ind1="2" ind2=" ">
            <subfield code="a">Musikwissenschaftliches Institut der Friedrich-Schiller-Universität</subfield>
          </datafield>
          <datafield tag="580" ind1=" " ind2=" ">
            <subfield code="x">D-Ju</subfield>
            <subfield code="0">30000050</subfield>
          </datafield>
          <datafield tag="680" ind1="2" ind2=" ">
            <subfield code="i">Nach Auflösung des Institutes im Jahre 1958 nur noch Restbestände in D-Ju.</subfield>
          </datafield>
          <idzebra xmlns="http://www.indexdata.dk/zebra/">
            <size>532</size>
            <score>598</score>
            <localnumber>832812</localnumber>
            <filename>sigla/sigla.mrc</filename>
          </idzebra>
        </record>
      </zs:recordData>
      <zs:recordPosition>925</zs:recordPosition>
    </zs:record>