<zs:record>
      <zs:recordPacking>xml</zs:recordPacking>
      <zs:recordData>
        <record xmlns="http://www.loc.gov/MARC21/slim">
          <leader>00380nz a2200109 4500</leader>
          <controlfield tag="001">30006426</controlfield>
          <controlfield tag="003">RISM</controlfield>
          <controlfield tag="005">20121108</controlfield>
          <controlfield tag="008">121108n||az|||||||##########||||||||||||</controlfield>
          <datafield tag="043" ind1=" " ind2=" ">
            <subfield code="c">D</subfield>
          </datafield>
          <datafield tag="110" ind1="2" ind2=" ">
            <subfield code="a">Max-Reger-Institut/Elsa-Reger-Stiftung</subfield>
            <subfield code="c">Karlsruhe</subfield>
            <subfield code="g">D-KAmri</subfield>
          </datafield>
          <datafield tag="622" ind1=" " ind2=" ">
            <subfield code="e">Max-Reger-Institut/Elsa-Reger-Stiftung, Alte Karlsburg Durlach, Pfinztalstr. 7,, D-76227
              Karlsruhe</subfield>
            <subfield code="u">http://www.max-reger-institut.de</subfield>
          </datafield>
          <idzebra xmlns="http://www.indexdata.dk/zebra/">
            <size>380</size>
            <localnumber>835280</localnumber>
            <filename>sigla/sigla.mrc</filename>
          </idzebra>
        </record>
      </zs:recordData>
      <zs:recordPosition>1296</zs:recordPosition>
    </zs:record>