<zs:record>
      <zs:recordPacking>xml</zs:recordPacking>
      <zs:recordData>
        <record xmlns="http://www.loc.gov/MARC21/slim">
          <leader>00502nz a2200145 4500</leader>
          <controlfield tag="001">30000840</controlfield>
          <controlfield tag="003">RISM</controlfield>
          <controlfield tag="005">20121108</controlfield>
          <controlfield tag="008">121108n||az|||||||##########||||||||||||</controlfield>
          <datafield tag="043" ind1=" " ind2=" ">
            <subfield code="c">Germany</subfield>
          </datafield>
          <datafield tag="110" ind1="2" ind2=" ">
            <subfield code="a">KIT-Bibliothek</subfield>
            <subfield code="c">Karlsruhe</subfield>
            <subfield code="g">D-KAu</subfield>
          </datafield>
          <datafield tag="410" ind1="2" ind2=" ">
            <subfield code="a">Karlsruher Institut für Technologie (KIT), Bibliothek</subfield>
          </datafield>
          <datafield tag="410" ind1="2" ind2=" ">
            <subfield code="a">Universitätsbibliothek</subfield>
          </datafield>
          <datafield tag="410" ind1="2" ind2=" ">
            <subfield code="a">Technische Hochschule Fridericiana, Bibliothek</subfield>
          </datafield>
          <datafield tag="622" ind1=" " ind2=" ">
            <subfield code="e">KIT-Bibliothek, Postfach 6920, 76049 Karlsruhe, Germany</subfield>
            <subfield code="u">http://www.bibliothek.kit.edu/cms/index.php</subfield>
          </datafield>
          <idzebra xmlns="http://www.indexdata.dk/zebra/">
            <size>502</size>
            <score>598</score>
            <localnumber>831976</localnumber>
            <filename>sigla/sigla.mrc</filename>
          </idzebra>
        </record>
      </zs:recordData>
      <zs:recordPosition>632</zs:recordPosition>
    </zs:record>