<zs:record>
      <zs:recordPacking>xml</zs:recordPacking>
      <zs:recordData>
        <record xmlns="http://www.loc.gov/MARC21/slim">
          <leader>00319nz a2200109 4500</leader>
          <controlfield tag="001">30061568</controlfield>
          <controlfield tag="003">RISM</controlfield>
          <controlfield tag="005">20121108</controlfield>
          <controlfield tag="008">121108n||az|||||||##########||||||||||||</controlfield>
          <datafield tag="043" ind1=" " ind2=" ">
            <subfield code="c">D</subfield>
          </datafield>
          <datafield tag="110" ind1="2" ind2=" ">
            <subfield code="a">Rheinische Landesbibliothek</subfield>
            <subfield code="c">Koblenz</subfield>
            <subfield code="g">D-KBrlb</subfield>
          </datafield>
          <datafield tag="622" ind1=" " ind2=" ">
            <subfield code="e">Rheinische Landesbibliothek, Bahnhofplatz 14, D-56068 Koblenz</subfield>
            <subfield code="u">http://www.lbz-rlp.de</subfield>
          </datafield>
          <idzebra xmlns="http://www.indexdata.dk/zebra/">
            <size>319</size>
            <localnumber>834899</localnumber>
            <filename>sigla/sigla.mrc</filename>
          </idzebra>
        </record>
      </zs:recordData>
      <zs:recordPosition>1194</zs:recordPosition>
    </zs:record>