<zs:record>
      <zs:recordPacking>xml</zs:recordPacking>
      <zs:recordData>
        <record xmlns="http://www.loc.gov/MARC21/slim">
          <leader>00586nz a2200145 4500</leader>
          <controlfield tag="001">30076220</controlfield>
          <controlfield tag="003">RISM</controlfield>
          <controlfield tag="005">20121108</controlfield>
          <controlfield tag="008">121108n||az|||||||##########||||||||||||</controlfield>
          <datafield tag="043" ind1=" " ind2=" ">
            <subfield code="c">Germany</subfield>
          </datafield>
          <datafield tag="110" ind1="2" ind2=" ">
            <subfield code="a">Johannes Brahms Gesamtausgabe, Forschungsstelle Kiel</subfield>
            <subfield code="c">Kiel</subfield>
            <subfield code="g">D-KIjbg</subfield>
          </datafield>
          <datafield tag="622" ind1=" " ind2=" ">
            <subfield code="e">Postanschrift:, Johannes Brahms Gesamtausgabe,, Forschungsstelle Kiel, Olshausenstr. 40,
              24098 Kiel, Germany</subfield>
            <subfield code="u">http://www.brahmsausgabe.uni-kiel.de</subfield>
          </datafield>
          <datafield tag="680" ind1="2" ind2=" ">
            <subfield code="i">Bei D-KImi angesiedelt.</subfield>
          </datafield>
          <datafield tag="710" ind1="2" ind2=" ">
            <subfield code="a">Musikwissenschaftliches Institut der Christian-Albrechts-Universität</subfield>
            <subfield code="0">30000849</subfield>
          </datafield>
          <datafield tag="852" ind1="2" ind2=" ">
            <subfield code="b">54.3403047, 10.1232766</subfield>
          </datafield>
          <idzebra xmlns="http://www.indexdata.dk/zebra/">
            <size>586</size>
            <localnumber>834852</localnumber>
            <filename>sigla/sigla.mrc</filename>
          </idzebra>
        </record>
      </zs:recordData>
      <zs:recordPosition>1171</zs:recordPosition>
    </zs:record>