<zs:record>
      <zs:recordPacking>xml</zs:recordPacking>
      <zs:recordData>
        <record xmlns="http://www.loc.gov/MARC21/slim">
          <leader>00609nz a2200145 4500</leader>
          <controlfield tag="001">30000849</controlfield>
          <controlfield tag="003">RISM</controlfield>
          <controlfield tag="005">20121108</controlfield>
          <controlfield tag="008">121108n||az|||||||##########||||||||||||</controlfield>
          <datafield tag="043" ind1=" " ind2=" ">
            <subfield code="c">Germany</subfield>
          </datafield>
          <datafield tag="110" ind1="2" ind2=" ">
            <subfield code="a">Musikwissenschaftliches Institut der Christian-Albrechts-Universität</subfield>
            <subfield code="c">Kiel</subfield>
            <subfield code="g">D-KImi</subfield>
          </datafield>
          <datafield tag="622" ind1=" " ind2=" ">
            <subfield code="e">Postanschrift:, Musikwissenschaftliches Institut der, Christian-Albrechts-Universität,
              Olshausenstr. 40, 24098 Kiel, Germany</subfield>
            <subfield code="u">http://www.uni-kiel.de/fakultas/philosophie/musikwiss/</subfield>
          </datafield>
          <datafield tag="688" ind1="2" ind2=" ">
            <subfield code="a">Series B: KIi</subfield>
          </datafield>
          <datafield tag="710" ind1="2" ind2=" ">
            <subfield code="a">Johannes Brahms Gesamtausgabe, Forschungsstelle Kiel</subfield>
            <subfield code="0">30076220</subfield>
          </datafield>
          <datafield tag="852" ind1="2" ind2=" ">
            <subfield code="b">54.3401679, 10.1235691</subfield>
          </datafield>
          <idzebra xmlns="http://www.indexdata.dk/zebra/">
            <size>609</size>
            <localnumber>836270</localnumber>
            <filename>sigla/sigla.mrc</filename>
          </idzebra>
        </record>
      </zs:recordData>
      <zs:recordPosition>1515</zs:recordPosition>
    </zs:record>