<zs:record>
      <zs:recordPacking>xml</zs:recordPacking>
      <zs:recordData>
        <record xmlns="http://www.loc.gov/MARC21/slim">
          <leader>00474nz a2200157 4500</leader>
          <controlfield tag="001">30000854</controlfield>
          <controlfield tag="003">RISM</controlfield>
          <controlfield tag="005">20121108</controlfield>
          <controlfield tag="008">121108n||az|||||||##########||||||||||||</controlfield>
          <datafield tag="043" ind1=" " ind2=" ">
            <subfield code="c">Germany</subfield>
          </datafield>
          <datafield tag="110" ind1="2" ind2=" ">
            <subfield code="a">Musikwissenschaftliches Institut der Universität</subfield>
            <subfield code="c">Köln</subfield>
            <subfield code="g">D-KNmi</subfield>
          </datafield>
          <datafield tag="591" ind1="2" ind2=" ">
            <subfield code="a">ongoing</subfield>
          </datafield>
          <datafield tag="622" ind1=" " ind2=" ">
            <subfield code="e">Musikwissenschaftliches Institut der, Universität, Albertus-Magnus-Platz, D-50931
              Köln</subfield>
          </datafield>
          <datafield tag="688" ind1="2" ind2=" ">
            <subfield code="a">Series B: KNm; Series C: KNm</subfield>
          </datafield>
          <datafield tag="670" ind1="2" ind2=" ">
            <subfield code="a">89</subfield>
          </datafield>
          <datafield tag="852" ind1="2" ind2=" ">
            <subfield code="b">50.9406645, 6.9599115</subfield>
          </datafield>
          <idzebra xmlns="http://www.indexdata.dk/zebra/">
            <size>474</size>
            <score>598</score>
            <localnumber>832058</localnumber>
            <filename>sigla/sigla.mrc</filename>
          </idzebra>
        </record>
      </zs:recordData>
      <zs:recordPosition>651</zs:recordPosition>
    </zs:record>