<zs:record>
      <zs:recordPacking>xml</zs:recordPacking>
      <zs:recordData>
        <record xmlns="http://www.loc.gov/MARC21/slim">
          <leader>00475nz a2200109 4500</leader>
          <controlfield tag="001">30061570</controlfield>
          <controlfield tag="003">RISM</controlfield>
          <controlfield tag="005">20121108</controlfield>
          <controlfield tag="008">121108n||az|||||||##########||||||||||||</controlfield>
          <datafield tag="043" ind1=" " ind2=" ">
            <subfield code="c">D</subfield>
          </datafield>
          <datafield tag="110" ind1="2" ind2=" ">
            <subfield code="a">Archiv für Volksmusik in Schwaben des Bayerischen Landesvereins für Heimatpflege
              e.V.</subfield>
            <subfield code="c">Krumbach</subfield>
            <subfield code="g">D-KRBv</subfield>
          </datafield>
          <datafield tag="622" ind1=" " ind2=" ">
            <subfield code="e">Archiv für Volksmusik in Schwaben des, Bayerischen Landesvereins für, Heimatpflege e.V.,
              Hübener Wasserschloss, Karl-Mantel-Str., 51, D-86981 Krumbach</subfield>
            <subfield code="u">http://www.krumbach.de</subfield>
          </datafield>
          <idzebra xmlns="http://www.indexdata.dk/zebra/">
            <size>475</size>
            <localnumber>834901</localnumber>
            <filename>sigla/sigla.mrc</filename>
          </idzebra>
        </record>
      </zs:recordData>
      <zs:recordPosition>1196</zs:recordPosition>
    </zs:record>