<zs:record>
      <zs:recordPacking>xml</zs:recordPacking>
      <zs:recordData>
        <record xmlns="http://www.loc.gov/MARC21/slim">
          <leader>00518nz a2200145 4500</leader>
          <controlfield tag="001">30000836</controlfield>
          <controlfield tag="003">RISM</controlfield>
          <controlfield tag="005">20121108</controlfield>
          <controlfield tag="008">121108n||az|||||||##########||||||||||||</controlfield>
          <datafield tag="043" ind1=" " ind2=" ">
            <subfield code="c">Germany</subfield>
          </datafield>
          <datafield tag="110" ind1="2" ind2=" ">
            <subfield code="a">Landesbibliothek und Murhardsche Bibliothek der Stadt Kassel</subfield>
            <subfield code="c">Kassel</subfield>
            <subfield code="g">D-Kl</subfield>
          </datafield>
          <datafield tag="580" ind1=" " ind2=" ">
            <subfield code="x">D-Kub</subfield>
            <subfield code="0">104</subfield>
          </datafield>
          <datafield tag="622" ind1=" " ind2=" ">
            <subfield code="e">Landesbibliothek und Murhardsche, Bibliothek der Stadt Kassel, Brüder-Grimm-Platz 4a,
              34117 Kassel, Germany</subfield>
            <subfield code="u">http://www.ub.uni-kassel.de/bb6.html</subfield>
          </datafield>
          <datafield tag="680" ind1="2" ind2=" ">
            <subfield code="i">Gliederung von D-Kub.</subfield>
          </datafield>
          <datafield tag="852" ind1="2" ind2=" ">
            <subfield code="b">51.322137, 9.505308</subfield>
          </datafield>
          <idzebra xmlns="http://www.indexdata.dk/zebra/">
            <size>518</size>
            <localnumber>836268</localnumber>
            <filename>sigla/sigla.mrc</filename>
          </idzebra>
        </record>
      </zs:recordData>
      <zs:recordPosition>1513</zs:recordPosition>
    </zs:record>