<zs:record>
      <zs:recordPacking>xml</zs:recordPacking>
      <zs:recordData>
        <record xmlns="http://www.loc.gov/MARC21/slim">
          <leader>00335nz a2200109 4500</leader>
          <controlfield tag="001">30077954</controlfield>
          <controlfield tag="003">RISM</controlfield>
          <controlfield tag="005">20121108</controlfield>
          <controlfield tag="008">121108n||az|||||||##########||||||||||||</controlfield>
          <datafield tag="043" ind1=" " ind2=" ">
            <subfield code="c">Germany</subfield>
          </datafield>
          <datafield tag="110" ind1="2" ind2=" ">
            <subfield code="a">Stadtarchiv</subfield>
            <subfield code="c">Kölleda</subfield>
            <subfield code="g">D-KÖDsa</subfield>
          </datafield>
          <datafield tag="622" ind1=" " ind2=" ">
            <subfield code="e">Stadtarchiv, Friedrichstraße 1, 99625 Kölleda, Germany</subfield>
            <subfield code="u">http://www.koelleda.de/cms/1/?i=1.116.218.21....de</subfield>
          </datafield>
          <idzebra xmlns="http://www.indexdata.dk/zebra/">
            <size>335</size>
            <localnumber>835417</localnumber>
            <filename>sigla/sigla.mrc</filename>
          </idzebra>
        </record>
      </zs:recordData>
      <zs:recordPosition>1329</zs:recordPosition>
    </zs:record>