<zs:record>
      <zs:recordPacking>xml</zs:recordPacking>
      <zs:recordData>
        <record xmlns="http://www.loc.gov/MARC21/slim">
          <leader>00418nz a2200109 4500</leader>
          <controlfield tag="001">30076988</controlfield>
          <controlfield tag="003">RISM</controlfield>
          <controlfield tag="005">20121108</controlfield>
          <controlfield tag="008">121108n||az|||||||##########||||||||||||</controlfield>
          <datafield tag="043" ind1=" " ind2=" ">
            <subfield code="c">Germany</subfield>
          </datafield>
          <datafield tag="110" ind1="2" ind2=" ">
            <subfield code="a">Breitkopf &amp; Härtel GmbH und Deutscher Verlag für Musik GmbH</subfield>
            <subfield code="c">Leipzig</subfield>
            <subfield code="g">D-LEbhdv</subfield>
          </datafield>
          <datafield tag="622" ind1=" " ind2=" ">
            <subfield code="e">Breitkopf &amp; Härtel GmbH und Deutscher, Verlag für Musik GmbH, Bauhofstraße 3-5, 04103
              Leipzig, Germany</subfield>
            <subfield code="u">http://www.breitkopf.com/news/start</subfield>
          </datafield>
          <idzebra xmlns="http://www.indexdata.dk/zebra/">
            <size>418</size>
            <localnumber>834841</localnumber>
            <filename>sigla/sigla.mrc</filename>
          </idzebra>
        </record>
      </zs:recordData>
      <zs:recordPosition>1169</zs:recordPosition>
    </zs:record>