<zs:record>
      <zs:recordPacking>xml</zs:recordPacking>
      <zs:recordData>
        <record xmlns="http://www.loc.gov/MARC21/slim">
          <leader>00690nz a2200169 4500</leader>
          <controlfield tag="001">30003270</controlfield>
          <controlfield tag="003">RISM</controlfield>
          <controlfield tag="005">20121108</controlfield>
          <controlfield tag="008">121108n||az|||||||##########||||||||||||</controlfield>
          <datafield tag="043" ind1=" " ind2=" ">
            <subfield code="c">Germany</subfield>
          </datafield>
          <datafield tag="110" ind1="2" ind2=" ">
            <subfield code="a">Deutsche Nationalbibliothek</subfield>
            <subfield code="c">Leipzig</subfield>
            <subfield code="g">D-LEdb</subfield>
          </datafield>
          <datafield tag="410" ind1="2" ind2=" ">
            <subfield code="a">Deutsche Bibliothek</subfield>
          </datafield>
          <datafield tag="410" ind1="2" ind2=" ">
            <subfield code="a">früher: Deutsche Bücherei, Musikaliensammlung</subfield>
          </datafield>
          <datafield tag="622" ind1=" " ind2=" ">
            <subfield code="e">Deutsche Nationalbibliothek, Deutscher Platz 1, 04103 Leipzig, Germany</subfield>
            <subfield code="u">http://www.d-nb.de</subfield>
          </datafield>
          <datafield tag="680" ind1="2" ind2=" ">
            <subfield code="i">Die Musikalien des Leipziger Standortes wurden 2010 mit den Beständen des Deutschen
              Musikarchivs zusammengeführt. Das Sigel D-LEdb bitte nicht mehr verwenden.</subfield>
          </datafield>
          <datafield tag="710" ind1="2" ind2=" ">
            <subfield code="a">Deutsches Musikarchiv</subfield>
            <subfield code="0">30003944</subfield>
          </datafield>
          <datafield tag="852" ind1="2" ind2=" ">
            <subfield code="b">51.32242, 12.39613</subfield>
          </datafield>
          <idzebra xmlns="http://www.indexdata.dk/zebra/">
            <size>690</size>
            <score>598</score>
            <localnumber>830049</localnumber>
            <filename>sigla/sigla.mrc</filename>
          </idzebra>
        </record>
      </zs:recordData>
      <zs:recordPosition>219</zs:recordPosition>
    </zs:record>