<zs:record>
      <zs:recordPacking>xml</zs:recordPacking>
      <zs:recordData>
        <record xmlns="http://www.loc.gov/MARC21/slim">
          <leader>00466nz a2200145 4500</leader>
          <controlfield tag="001">30003944</controlfield>
          <controlfield tag="003">RISM</controlfield>
          <controlfield tag="005">20121108</controlfield>
          <controlfield tag="008">121108n||az|||||||##########||||||||||||</controlfield>
          <datafield tag="043" ind1=" " ind2=" ">
            <subfield code="c">Germany</subfield>
          </datafield>
          <datafield tag="110" ind1="2" ind2=" ">
            <subfield code="a">Deutsches Musikarchiv</subfield>
            <subfield code="c">Leipzig</subfield>
            <subfield code="g">D-LEdm</subfield>
          </datafield>
          <datafield tag="410" ind1="2" ind2=" ">
            <subfield code="a">Abteilung der Deutschen Nationalbibliothek</subfield>
          </datafield>
          <datafield tag="622" ind1=" " ind2=" ">
            <subfield code="e">Deutsches Musikarchiv, Deutscher Platz 1, 04103 Leipzig, Germany</subfield>
            <subfield code="u">http://www.d-nb.de</subfield>
          </datafield>
          <datafield tag="710" ind1="2" ind2=" ">
            <subfield code="a">Deutsche Nationalbibliothek</subfield>
            <subfield code="0">30003270</subfield>
          </datafield>
          <datafield tag="852" ind1="2" ind2=" ">
            <subfield code="b">51.32242, 12.39613</subfield>
          </datafield>
          <idzebra xmlns="http://www.indexdata.dk/zebra/">
            <size>466</size>
            <score>598</score>
            <localnumber>829598</localnumber>
            <filename>sigla/sigla.mrc</filename>
          </idzebra>
        </record>
      </zs:recordData>
      <zs:recordPosition>112</zs:recordPosition>
    </zs:record>