<zs:record>
      <zs:recordPacking>xml</zs:recordPacking>
      <zs:recordData>
        <record xmlns="http://www.loc.gov/MARC21/slim">
          <leader>00689nz a2200157 4500</leader>
          <controlfield tag="001">30000053</controlfield>
          <controlfield tag="003">RISM</controlfield>
          <controlfield tag="005">20121108</controlfield>
          <controlfield tag="008">121108n||az|||||||##########||||||||||||</controlfield>
          <datafield tag="043" ind1=" " ind2=" ">
            <subfield code="c">Germany</subfield>
          </datafield>
          <datafield tag="110" ind1="2" ind2=" ">
            <subfield code="a">Interim Leipziger Stadtbibliothek - Musikbibliothek</subfield>
            <subfield code="c">Leipzig</subfield>
            <subfield code="g">D-LEm</subfield>
          </datafield>
          <datafield tag="410" ind1="2" ind2=" ">
            <subfield code="a">Städtische Bibliotheken, Musikbibliothek</subfield>
          </datafield>
          <datafield tag="591" ind1="2" ind2=" ">
            <subfield code="a">ongoing</subfield>
          </datafield>
          <datafield tag="622" ind1=" " ind2=" ">
            <subfield code="e">Interim Leipziger Stadtbibliothek -, Musikbibliothek, Treppenhaus E, Neumarkt 9, 04109
              Leipzig, Germany</subfield>
            <subfield code="u">http://www.leipzig.de/de/buerger/bildung/bib/sbib/stadtbib/</subfield>
          </datafield>
          <datafield tag="680" ind1="2" ind2=" ">
            <subfield code="i">Zusammenschluß von Musikbibliothek Peters, Städtische Musikbücherei und verschiedenen
              Sammlungen der Stadtbibliothek. Abteilung von D-LEst.</subfield>
          </datafield>
          <datafield tag="670" ind1="2" ind2=" ">
            <subfield code="a">8012</subfield>
          </datafield>
          <idzebra xmlns="http://www.indexdata.dk/zebra/">
            <size>689</size>
            <localnumber>836052</localnumber>
            <filename>sigla/sigla.mrc</filename>
          </idzebra>
        </record>
      </zs:recordData>
      <zs:recordPosition>1476</zs:recordPosition>
    </zs:record>