<zs:record>
      <zs:recordPacking>xml</zs:recordPacking>
      <zs:recordData>
        <record xmlns="http://www.loc.gov/MARC21/slim">
          <leader>00833nz a2200181 4500</leader>
          <controlfield tag="001">30000054</controlfield>
          <controlfield tag="003">RISM</controlfield>
          <controlfield tag="005">20121108</controlfield>
          <controlfield tag="008">121108n||az|||||||##########||||||||||||</controlfield>
          <datafield tag="043" ind1=" " ind2=" ">
            <subfield code="c">Germany</subfield>
          </datafield>
          <datafield tag="110" ind1="2" ind2=" ">
            <subfield code="a">Universität, Zweigbibliothek Musikwissenschaft und Musikpädagogik</subfield>
            <subfield code="c">Leipzig</subfield>
            <subfield code="g">D-LEmi</subfield>
          </datafield>
          <datafield tag="410" ind1="2" ind2=" ">
            <subfield code="a">Sektion Kulturwissenschaften und Germanistik der Karl-Marx-Universität,
              Bibliothek</subfield>
          </datafield>
          <datafield tag="410" ind1="2" ind2=" ">
            <subfield code="a">Karl-Marx-Universität, Universitätsbibliothek, Bibliothek des ehem. Instituts für
              Musikwissenschaft</subfield>
          </datafield>
          <datafield tag="410" ind1="2" ind2=" ">
            <subfield code="a">Institut für Musikwissenschaft und Musikinstrumentenmuseum, Bibliothek</subfield>
          </datafield>
          <datafield tag="580" ind1=" " ind2=" ">
            <subfield code="x">D-LEu</subfield>
            <subfield code="0">30001210</subfield>
          </datafield>
          <datafield tag="622" ind1=" " ind2=" ">
            <subfield code="e">Universität, Zweigbibliothek, Musikwissenschaft und Musikpädagogik, Mendelssohn-Haus,
              Goldschmidtr. 12, 04103 Leipzig, Germany</subfield>
            <subfield code="u">http://www.ub.uni-leipzig.de</subfield>
          </datafield>
          <datafield tag="680" ind1="2" ind2=" ">
            <subfield code="i">Altbestand in D-LEu.</subfield>
          </datafield>
          <datafield tag="670" ind1="2" ind2=" ">
            <subfield code="a">2</subfield>
          </datafield>
          <idzebra xmlns="http://www.indexdata.dk/zebra/">
            <size>833</size>
            <localnumber>834476</localnumber>
            <filename>sigla/sigla.mrc</filename>
          </idzebra>
        </record>
      </zs:recordData>
      <zs:recordPosition>1118</zs:recordPosition>
    </zs:record>