<zs:record>
      <zs:recordPacking>xml</zs:recordPacking>
      <zs:recordData>
        <record xmlns="http://www.loc.gov/MARC21/slim">
          <leader>00441nz a2200133 4500</leader>
          <controlfield tag="001">30000174</controlfield>
          <controlfield tag="003">RISM</controlfield>
          <controlfield tag="005">20121108</controlfield>
          <controlfield tag="008">121108n||az|||||||##########||||||||||||</controlfield>
          <datafield tag="043" ind1=" " ind2=" ">
            <subfield code="c">Germany</subfield>
          </datafield>
          <datafield tag="110" ind1="2" ind2=" ">
            <subfield code="a">Stadtgeschichtliches Museum, Bibliothek</subfield>
            <subfield code="c">Leipzig</subfield>
            <subfield code="g">D-LEsm</subfield>
          </datafield>
          <datafield tag="622" ind1=" " ind2=" ">
            <subfield code="e">Stadtgeschichtliches Museum, Bibliothek, Böttchergäßchen 3, 04109 Leipzig,
              Germany</subfield>
            <subfield code="u">http://www.stadtgeschichtliches-museum-leipzig.de</subfield>
          </datafield>
          <datafield tag="670" ind1="2" ind2=" ">
            <subfield code="a">1</subfield>
          </datafield>
          <datafield tag="852" ind1="2" ind2=" ">
            <subfield code="b">51.34183, 12.37643</subfield>
          </datafield>
          <idzebra xmlns="http://www.indexdata.dk/zebra/">
            <size>441</size>
            <score>598</score>
            <localnumber>831821</localnumber>
            <filename>sigla/sigla.mrc</filename>
          </idzebra>
        </record>
      </zs:recordData>
      <zs:recordPosition>624</zs:recordPosition>
    </zs:record>