<zs:record>
      <zs:recordPacking>xml</zs:recordPacking>
      <zs:recordData>
        <record xmlns="http://www.loc.gov/MARC21/slim">
          <leader>00497nz a2200145 4500</leader>
          <controlfield tag="001">30002859</controlfield>
          <controlfield tag="003">RISM</controlfield>
          <controlfield tag="005">20121108</controlfield>
          <controlfield tag="008">121108n||az|||||||##########||||||||||||</controlfield>
          <datafield tag="043" ind1=" " ind2=" ">
            <subfield code="c">Germany</subfield>
          </datafield>
          <datafield tag="110" ind1="2" ind2=" ">
            <subfield code="a">Interim Leipziger Stadtbibliothek</subfield>
            <subfield code="c">Leipzig</subfield>
            <subfield code="g">D-LEst</subfield>
          </datafield>
          <datafield tag="580" ind1=" " ind2=" ">
            <subfield code="x">D-LEm</subfield>
            <subfield code="0">30000053</subfield>
          </datafield>
          <datafield tag="580" ind1=" " ind2=" ">
            <subfield code="x">D-LEu</subfield>
            <subfield code="0">30001210</subfield>
          </datafield>
          <datafield tag="622" ind1=" " ind2=" ">
            <subfield code="e">Interim Leipziger Stadtbibliothek, Treppenhaus E, Neumarkt 9, 04109 Leipzig,
              Germany</subfield>
            <subfield code="u">http://www.leipzig.de/stadtbib/</subfield>
          </datafield>
          <datafield tag="680" ind1="2" ind2=" ">
            <subfield code="i">Einzelne Sammlungen befinden sich in D-LEu und D-LEm.</subfield>
          </datafield>
          <idzebra xmlns="http://www.indexdata.dk/zebra/">
            <size>497</size>
            <score>598</score>
            <localnumber>830235</localnumber>
            <filename>sigla/sigla.mrc</filename>
          </idzebra>
        </record>
      </zs:recordData>
      <zs:recordPosition>257</zs:recordPosition>
    </zs:record>