<zs:record>
      <zs:recordPacking>xml</zs:recordPacking>
      <zs:recordData>
        <record xmlns="http://www.loc.gov/MARC21/slim">
          <leader>00432nz a2200121 4500</leader>
          <controlfield tag="001">30000869</controlfield>
          <controlfield tag="003">RISM</controlfield>
          <controlfield tag="005">20121108</controlfield>
          <controlfield tag="008">121108n||az|||||||##########||||||||||||</controlfield>
          <datafield tag="043" ind1=" " ind2=" ">
            <subfield code="c">Germany</subfield>
          </datafield>
          <datafield tag="110" ind1="2" ind2=" ">
            <subfield code="a">Stiftsarchiv Laufen, Bibliothek</subfield>
            <subfield code="c">Laufen an der Salzach</subfield>
            <subfield code="g">D-LFN</subfield>
          </datafield>
          <datafield tag="410" ind1="2" ind2=" ">
            <subfield code="a">Kollegiatstift Maria Himmelfahrt</subfield>
          </datafield>
          <datafield tag="622" ind1=" " ind2=" ">
            <subfield code="e">Stiftsarchiv Laufen, Bibliothek, Spannbruckerplatz 6, 83410 Laufen an der Salzach,
              Germany</subfield>
            <subfield code="u">http://www.pfarrverband-laufen.de/</subfield>
          </datafield>
          <idzebra xmlns="http://www.indexdata.dk/zebra/">
            <size>432</size>
            <score>598</score>
            <localnumber>832067</localnumber>
            <filename>sigla/sigla.mrc</filename>
          </idzebra>
        </record>
      </zs:recordData>
      <zs:recordPosition>660</zs:recordPosition>
    </zs:record>