<zs:record>
      <zs:recordPacking>xml</zs:recordPacking>
      <zs:recordData>
        <record xmlns="http://www.loc.gov/MARC21/slim">
          <leader>00419nz a2200121 4500</leader>
          <controlfield tag="001">30006079</controlfield>
          <controlfield tag="003">RISM</controlfield>
          <controlfield tag="005">20121108</controlfield>
          <controlfield tag="008">121108n||az|||||||##########||||||||||||</controlfield>
          <datafield tag="043" ind1=" " ind2=" ">
            <subfield code="c">Germany</subfield>
          </datafield>
          <datafield tag="110" ind1="2" ind2=" ">
            <subfield code="a">Museum für Kunst und Kulturgeschichte der Hansestadt Lübeck</subfield>
            <subfield code="c">Lübeck</subfield>
            <subfield code="g">D-LÜmk</subfield>
          </datafield>
          <datafield tag="622" ind1=" " ind2=" ">
            <subfield code="e">Museum für Kunst und Kulturgeschichte, der Hansestadt Lübeck, Düvekenstraße 21, 23552
              Lübeck, Germany</subfield>
          </datafield>
          <datafield tag="852" ind1="2" ind2=" ">
            <subfield code="b">53.869563, 10.687579</subfield>
          </datafield>
          <idzebra xmlns="http://www.indexdata.dk/zebra/">
            <size>419</size>
            <score>598</score>
            <localnumber>832695</localnumber>
            <filename>sigla/sigla.mrc</filename>
          </idzebra>
        </record>
      </zs:recordData>
      <zs:recordPosition>884</zs:recordPosition>
    </zs:record>