<zs:record>
      <zs:recordPacking>xml</zs:recordPacking>
      <zs:recordData>
        <record xmlns="http://www.loc.gov/MARC21/slim">
          <leader>00455nz a2200109 4500</leader>
          <controlfield tag="001">30077956</controlfield>
          <controlfield tag="003">RISM</controlfield>
          <controlfield tag="005">20121108</controlfield>
          <controlfield tag="008">121108n||az|||||||##########||||||||||||</controlfield>
          <datafield tag="043" ind1=" " ind2=" ">
            <subfield code="c">Germany</subfield>
          </datafield>
          <datafield tag="110" ind1="2" ind2=" ">
            <subfield code="a">Archiv der Evangelischen Kirche der Kirchenprovinz Sachsen</subfield>
            <subfield code="c">Magdeburg</subfield>
            <subfield code="g">D-MAaek</subfield>
          </datafield>
          <datafield tag="622" ind1=" " ind2=" ">
            <subfield code="e">Archiv der Evangelischen Kirche der, Kirchenprovinz Sachsen, Freiherr-vom-Stein-Str. 47,
              39108 Magdeburg, Germany</subfield>
            <subfield code="u">http://archive.ekmd-online.de/portal/archive/2-archiv-magdeburg/</subfield>
          </datafield>
          <idzebra xmlns="http://www.indexdata.dk/zebra/">
            <size>455</size>
            <localnumber>835381</localnumber>
            <filename>sigla/sigla.mrc</filename>
          </idzebra>
        </record>
      </zs:recordData>
      <zs:recordPosition>1313</zs:recordPosition>
    </zs:record>