<zs:record>
      <zs:recordPacking>xml</zs:recordPacking>
      <zs:recordData>
        <record xmlns="http://www.loc.gov/MARC21/slim">
          <leader>00583nz a2200145 4500</leader>
          <controlfield tag="001">30001216</controlfield>
          <controlfield tag="003">RISM</controlfield>
          <controlfield tag="005">20121108</controlfield>
          <controlfield tag="008">121108n||az|||||||##########||||||||||||</controlfield>
          <datafield tag="043" ind1=" " ind2=" ">
            <subfield code="c">Germany</subfield>
          </datafield>
          <datafield tag="110" ind1="2" ind2=" ">
            <subfield code="a">Kunstmuseum Kloster Unser Lieben Frauen, Bibliothek</subfield>
            <subfield code="c">Magdeburg</subfield>
            <subfield code="g">D-MAk</subfield>
          </datafield>
          <datafield tag="410" ind1="2" ind2=" ">
            <subfield code="a">Klosterschulbibliothek Magdeburg</subfield>
          </datafield>
          <datafield tag="410" ind1="2" ind2=" ">
            <subfield code="a">Kulturhistorisches Museum, Klosterbibliothek Unser Lieben Frauen</subfield>
          </datafield>
          <datafield tag="410" ind1="2" ind2=" ">
            <subfield code="a">Museum für Kunst und Kunstgewerbe</subfield>
          </datafield>
          <datafield tag="622" ind1=" " ind2=" ">
            <subfield code="e">Kunstmuseum Kloster Unser Lieben Frauen,, Bibliothek, Regierungsstr. 4-6, 39104
              Magdeburg, Germany</subfield>
            <subfield code="u">http://www.kunstmuseum-magdeburg.de/</subfield>
          </datafield>
          <idzebra xmlns="http://www.indexdata.dk/zebra/">
            <size>583</size>
            <localnumber>835783</localnumber>
            <filename>sigla/sigla.mrc</filename>
          </idzebra>
        </record>
      </zs:recordData>
      <zs:recordPosition>1409</zs:recordPosition>
    </zs:record>