<zs:record>
      <zs:recordPacking>xml</zs:recordPacking>
      <zs:recordData>
        <record xmlns="http://www.loc.gov/MARC21/slim">
          <leader>00715nz a2200169 4500</leader>
          <controlfield tag="001">30000896</controlfield>
          <controlfield tag="003">RISM</controlfield>
          <controlfield tag="005">20121108</controlfield>
          <controlfield tag="008">121108n||az|||||||##########||||||||||||</controlfield>
          <datafield tag="043" ind1=" " ind2=" ">
            <subfield code="c">Germany</subfield>
          </datafield>
          <datafield tag="110" ind1="2" ind2=" ">
            <subfield code="a">Schiller-Nationalmuseum, Deutsches Literaturarchiv, Musikaliensammlung</subfield>
            <subfield code="c">Marbach am Neckar</subfield>
            <subfield code="g">D-MB</subfield>
          </datafield>
          <datafield tag="410" ind1="2" ind2=" ">
            <subfield code="a">Schiller-Nationalmuseum</subfield>
          </datafield>
          <datafield tag="410" ind1="2" ind2=" ">
            <subfield code="a">Bibliothek des Schiller-Nationalmuseums</subfield>
          </datafield>
          <datafield tag="410" ind1="2" ind2=" ">
            <subfield code="a">Bibliothek und Archiv des Schiller-Nationalmuseums</subfield>
          </datafield>
          <datafield tag="410" ind1="2" ind2=" ">
            <subfield code="a">Bibliothek des Deutschen Literaturarchivs im Schiller-National-Museum,
              Musikaliensammlung</subfield>
          </datafield>
          <datafield tag="622" ind1=" " ind2=" ">
            <subfield code="e">Schiller-Nationalmuseum, Deutsches, Literaturarchiv, Musikaliensammlung, Schillerhöhe
              8-10, D-71672 Marbach am, Neckar</subfield>
          </datafield>
          <datafield tag="852" ind1="2" ind2=" ">
            <subfield code="b">48.940096, 9.260946</subfield>
          </datafield>
          <idzebra xmlns="http://www.indexdata.dk/zebra/">
            <size>715</size>
            <score>598</score>
            <localnumber>833001</localnumber>
            <filename>sigla/sigla.mrc</filename>
          </idzebra>
        </record>
      </zs:recordData>
      <zs:recordPosition>956</zs:recordPosition>
    </zs:record>