<zs:record>
      <zs:recordPacking>xml</zs:recordPacking>
      <zs:recordData>
        <record xmlns="http://www.loc.gov/MARC21/slim">
          <leader>00619nz a2200157 4500</leader>
          <controlfield tag="001">30000056</controlfield>
          <controlfield tag="003">RISM</controlfield>
          <controlfield tag="005">20121108</controlfield>
          <controlfield tag="008">121108n||az|||||||##########||||||||||||</controlfield>
          <datafield tag="043" ind1=" " ind2=" ">
            <subfield code="c">Germany</subfield>
          </datafield>
          <datafield tag="110" ind1="2" ind2=" ">
            <subfield code="a">Meininger Museen, Sammlung Musikgeschichte, Max-Reger-Archiv</subfield>
            <subfield code="c">Meiningen</subfield>
            <subfield code="g">D-MEIr</subfield>
          </datafield>
          <datafield tag="410" ind1="2" ind2=" ">
            <subfield code="a">Staatliche Museen, Abteilung Musikgeschichte, Max-Reger-Archiv</subfield>
          </datafield>
          <datafield tag="591" ind1="2" ind2=" ">
            <subfield code="a">ongoing</subfield>
          </datafield>
          <datafield tag="622" ind1=" " ind2=" ">
            <subfield code="e">Meininger Museen, Sammlung, Musikgeschichte, Max-Reger-Archiv, Schloß Elisabethenburg,
              Postfach 100554, 98605 Meiningen, Germany</subfield>
            <subfield code="u">http://www.musikgeschichte-meiningen.de/index.html</subfield>
          </datafield>
          <datafield tag="670" ind1="2" ind2=" ">
            <subfield code="a">375</subfield>
          </datafield>
          <datafield tag="852" ind1="2" ind2=" ">
            <subfield code="b">50.5642317, 10.4151778</subfield>
          </datafield>
          <idzebra xmlns="http://www.indexdata.dk/zebra/">
            <size>619</size>
            <score>598</score>
            <localnumber>832377</localnumber>
            <filename>sigla/sigla.mrc</filename>
          </idzebra>
        </record>
      </zs:recordData>
      <zs:recordPosition>777</zs:recordPosition>
    </zs:record>