<zs:record>
      <zs:recordPacking>xml</zs:recordPacking>
      <zs:recordData>
        <record xmlns="http://www.loc.gov/MARC21/slim">
          <leader>00504nz a2200109 4500</leader>
          <controlfield tag="001">30002796</controlfield>
          <controlfield tag="003">RISM</controlfield>
          <controlfield tag="005">20121108</controlfield>
          <controlfield tag="008">121108n||az|||||||##########||||||||||||</controlfield>
          <datafield tag="043" ind1=" " ind2=" ">
            <subfield code="c">Germany</subfield>
          </datafield>
          <datafield tag="110" ind1="2" ind2=" ">
            <subfield code="a">Bibliothek Wissenschaft und Weisheit, Johannes-Duns-Skotus-Akademie der Kölnischen
              Ordens-Provinz der Franziskaner</subfield>
            <subfield code="c">Mönchengladbach</subfield>
            <subfield code="g">D-MGB</subfield>
          </datafield>
          <datafield tag="622" ind1=" " ind2=" ">
            <subfield code="e">Bibliothek Wissenschaft und Weisheit,, Johannes-Duns-Skotus-Akademie der, Kölnischen
              Ordens-Provinz der, Franziskaner, Bettrather Straße 79, D-41061, Mönchengladbach</subfield>
          </datafield>
          <idzebra xmlns="http://www.indexdata.dk/zebra/">
            <size>504</size>
            <score>598</score>
            <localnumber>830337</localnumber>
            <filename>sigla/sigla.mrc</filename>
          </idzebra>
        </record>
      </zs:recordData>
      <zs:recordPosition>278</zs:recordPosition>
    </zs:record>