<zs:record>
      <zs:recordPacking>xml</zs:recordPacking>
      <zs:recordData>
        <record xmlns="http://www.loc.gov/MARC21/slim">
          <leader>00519nz a2200133 4500</leader>
          <controlfield tag="001">30006022</controlfield>
          <controlfield tag="003">RISM</controlfield>
          <controlfield tag="005">20121108</controlfield>
          <controlfield tag="008">121108n||az|||||||##########||||||||||||</controlfield>
          <datafield tag="043" ind1=" " ind2=" ">
            <subfield code="c">Germany</subfield>
          </datafield>
          <datafield tag="110" ind1="2" ind2=" ">
            <subfield code="a">Staatliche Hochschule für Musik und Darstellende Kunst</subfield>
            <subfield code="c">Mannheim</subfield>
            <subfield code="g">D-MHh</subfield>
          </datafield>
          <datafield tag="410" ind1="2" ind2=" ">
            <subfield code="a">University of Music and Performing Arts</subfield>
          </datafield>
          <datafield tag="622" ind1=" " ind2=" ">
            <subfield code="e">Staatliche Hochschule für Musik und, Darstellende Kunst, N 7, 18, 68161 Mannheim,
              Germany</subfield>
            <subfield code="u">http://www.muho-mannheim.de/frame.php?path=/bibliothek/index.htm</subfield>
          </datafield>
          <datafield tag="852" ind1="2" ind2=" ">
            <subfield code="b">49.4835424, 8.4710933</subfield>
          </datafield>
          <idzebra xmlns="http://www.indexdata.dk/zebra/">
            <size>519</size>
            <score>598</score>
            <localnumber>832341</localnumber>
            <filename>sigla/sigla.mrc</filename>
          </idzebra>
        </record>
      </zs:recordData>
      <zs:recordPosition>752</zs:recordPosition>
    </zs:record>