<zs:record>
      <zs:recordPacking>xml</zs:recordPacking>
      <zs:recordData>
        <record xmlns="http://www.loc.gov/MARC21/slim">
          <leader>00410nz a2200121 4500</leader>
          <controlfield tag="001">30003274</controlfield>
          <controlfield tag="003">RISM</controlfield>
          <controlfield tag="005">20121108</controlfield>
          <controlfield tag="008">121108n||az|||||||##########||||||||||||</controlfield>
          <datafield tag="043" ind1=" " ind2=" ">
            <subfield code="c">Germany</subfield>
          </datafield>
          <datafield tag="110" ind1="2" ind2=" ">
            <subfield code="a">Reiss-Engelhorn-Museen - Museum Zeughaus</subfield>
            <subfield code="c">Mannheim</subfield>
            <subfield code="g">D-MHrm</subfield>
          </datafield>
          <datafield tag="410" ind1="2" ind2=" ">
            <subfield code="a">Städtisches Reiß-Museum</subfield>
          </datafield>
          <datafield tag="622" ind1=" " ind2=" ">
            <subfield code="e">Reiss-Engelhorn-Museen - Museum Zeughaus, C 5, 68030 Mannheim, Germany</subfield>
            <subfield code="u">http://www.rem-mannheim.de/index.php?id=22</subfield>
          </datafield>
          <idzebra xmlns="http://www.indexdata.dk/zebra/">
            <size>410</size>
            <score>598</score>
            <localnumber>833089</localnumber>
            <filename>sigla/sigla.mrc</filename>
          </idzebra>
        </record>
      </zs:recordData>
      <zs:recordPosition>983</zs:recordPosition>
    </zs:record>