<zs:record>
      <zs:recordPacking>xml</zs:recordPacking>
      <zs:recordData>
        <record xmlns="http://www.loc.gov/MARC21/slim">
          <leader>00445nz a2200121 4500</leader>
          <controlfield tag="001">30004160</controlfield>
          <controlfield tag="003">RISM</controlfield>
          <controlfield tag="005">20121108</controlfield>
          <controlfield tag="008">121108n||az|||||||##########||||||||||||</controlfield>
          <datafield tag="043" ind1=" " ind2=" ">
            <subfield code="c">Germany</subfield>
          </datafield>
          <datafield tag="110" ind1="2" ind2=" ">
            <subfield code="a">Öffentliche Bücherei Anna Seghers</subfield>
            <subfield code="c">Mainz</subfield>
            <subfield code="g">D-MZas</subfield>
          </datafield>
          <datafield tag="622" ind1=" " ind2=" ">
            <subfield code="e">Öffentliche Bücherei Anna Seghers, Zentrale Ausleihe, Anna-Seghers-Platz, 55118 Mainz,
              Germany</subfield>
            <subfield code="u">http://www.mainz.de/WGAPublisher/online/html/default/bibliotheken</subfield>
          </datafield>
          <datafield tag="852" ind1="2" ind2=" ">
            <subfield code="b">49.974715, 8.339881</subfield>
          </datafield>
          <idzebra xmlns="http://www.indexdata.dk/zebra/">
            <size>445</size>
            <score>598</score>
            <localnumber>830521</localnumber>
            <filename>sigla/sigla.mrc</filename>
          </idzebra>
        </record>
      </zs:recordData>
      <zs:recordPosition>327</zs:recordPosition>
    </zs:record>