<zs:record>
      <zs:recordPacking>xml</zs:recordPacking>
      <zs:recordData>
        <record xmlns="http://www.loc.gov/MARC21/slim">
          <leader>00673nz a2200133 4500</leader>
          <controlfield tag="001">30001275</controlfield>
          <controlfield tag="003">RISM</controlfield>
          <controlfield tag="005">20121108</controlfield>
          <controlfield tag="008">121108n||az|||||||##########||||||||||||</controlfield>
          <datafield tag="043" ind1=" " ind2=" ">
            <subfield code="c">Germany</subfield>
          </datafield>
          <datafield tag="110" ind1="2" ind2=" ">
            <subfield code="a">Gesangbucharchiv des Deutschen Instituts und des Interdisziplinären Arbeitskreises
              Gesangbuchforschung, Johannes Gutenberg Universität</subfield>
            <subfield code="c">Mainz</subfield>
            <subfield code="g">D-MZgba</subfield>
          </datafield>
          <datafield tag="622" ind1=" " ind2=" ">
            <subfield code="e">Gesangbucharchiv des Deutschen, Instituts und des Interdisziplinären, Arbeitskreises
              Gesangbuchforschung,, Johannes Gutenberg Universität, 1. OG rechts, Friedrich-von-Pfeiffer-Weg 9, 55099
              Mainz, Germany</subfield>
            <subfield code="u">http://www.gesangbucharchiv.uni-mainz.de/index.php</subfield>
          </datafield>
          <datafield tag="688" ind1="2" ind2=" ">
            <subfield code="a">Series B: MZagf</subfield>
          </datafield>
          <datafield tag="852" ind1="2" ind2=" ">
            <subfield code="b">49.9949895, 8.26732</subfield>
          </datafield>
          <idzebra xmlns="http://www.indexdata.dk/zebra/">
            <size>673</size>
            <localnumber>835670</localnumber>
            <filename>sigla/sigla.mrc</filename>
          </idzebra>
        </record>
      </zs:recordData>
      <zs:recordPosition>1377</zs:recordPosition>
    </zs:record>