<zs:record>
      <zs:recordPacking>xml</zs:recordPacking>
      <zs:recordData>
        <record xmlns="http://www.loc.gov/MARC21/slim">
          <leader>00566nz a2200133 4500</leader>
          <controlfield tag="001">30000929</controlfield>
          <controlfield tag="003">RISM</controlfield>
          <controlfield tag="005">20121108</controlfield>
          <controlfield tag="008">121108n||az|||||||##########||||||||||||</controlfield>
          <datafield tag="043" ind1=" " ind2=" ">
            <subfield code="c">Germany</subfield>
          </datafield>
          <datafield tag="110" ind1="2" ind2=" ">
            <subfield code="a">Martinus-Bibliothek, Wissenschaftliche Diözesanbibliothek</subfield>
            <subfield code="c">Mainz</subfield>
            <subfield code="g">D-MZp</subfield>
          </datafield>
          <datafield tag="410" ind1="2" ind2=" ">
            <subfield code="a">Bibliothek des Bischöflichen Priesterseminars</subfield>
          </datafield>
          <datafield tag="622" ind1=" " ind2=" ">
            <subfield code="e">Martinus-Bibliothek, Wissenschaftliche, Diözesanbibliothek, Eingang: Grebenstraße 8,
              Post: Augustinerstraße 34, 55116 Mainz</subfield>
            <subfield code="u">http://www.bistummainz.de/einrichtungen/martinus-bibliothek/index.html/</subfield>
          </datafield>
          <datafield tag="852" ind1="2" ind2=" ">
            <subfield code="b">49.9949895, 8.26732</subfield>
          </datafield>
          <idzebra xmlns="http://www.indexdata.dk/zebra/">
            <size>566</size>
            <localnumber>835779</localnumber>
            <filename>sigla/sigla.mrc</filename>
          </idzebra>
        </record>
      </zs:recordData>
      <zs:recordPosition>1405</zs:recordPosition>
    </zs:record>