<zs:record>
      <zs:recordPacking>xml</zs:recordPacking>
      <zs:recordData>
        <record xmlns="http://www.loc.gov/MARC21/slim">
          <leader>04081nz a2200169 4500</leader>
          <controlfield tag="001">30000879</controlfield>
          <controlfield tag="003">RISM</controlfield>
          <controlfield tag="005">20121108</controlfield>
          <controlfield tag="008">121108n||az|||||||##########||||||||||||</controlfield>
          <datafield tag="043" ind1=" " ind2=" ">
            <subfield code="c">Germany</subfield>
          </datafield>
          <datafield tag="110" ind1="2" ind2=" ">
            <subfield code="a">Benediktinerabtei St. Bonifaz, Bibliothek</subfield>
            <subfield code="c">München</subfield>
            <subfield code="g">D-Mb</subfield>
          </datafield>
          <datafield tag="410" ind1="2" ind2=" ">
            <subfield code="a">Benediktinerabtei St. Bonifaz</subfield>
          </datafield>
          <datafield tag="410" ind1="2" ind2=" ">
            <subfield code="a">Bibliothek der Benediktinerabtei St. Bonifaz</subfield>
          </datafield>
          <datafield tag="520" ind1="2" ind2=" ">
            <subfield code="a">Der Bestand der Stiftsbibliothek St. Bonifaz setzt sich aus den im München angesiedelten
              Konvent und dem aus dem Kloster Andechs hinzugekommenen Bestand zusammen. Er wurde dankenswerter Weise von
              Herrn Eric Gross 1975 bereits gesichtet, sortiert und katalogisiert. Daraus entstand die Publikation Eric
              Gross, „Music manuscripts in the library of St. Bonifaz, Munich. A prelimaray catalogue“ veröffentlicht
              (in: Miscellanea musicologca, vol. 8 (1975), S. 82-114, worin die ersten 97 Manuskriptnummern enthalten
              waren. Herr Gross sortierte die Musikalien noch einmal in den Jahren 1981-82 und schloss die Arbeiten 1998
              ab.@@ @@ Seine Einleitung zu seinem Katalog sei mit großem Dank für seine Arbeiten hier wiedergegeben:@@
              @@ A "preliminary catalogue" of some of the music manuscripts, previously uncatalogued, was published in
              Miscellanea Musicologica (Adelaide Studies in Musicology), Vol. 8, pp.82-114, Adelaide 1975. As I
              mentioned in my introductory remarks to that catalogue, I was unable to draw up a complete catalogue of
              the music holdings at St. Bonifaz during my visit there in 1974, because of shortage of time. During 1981
              and 1982 I was able to spend some more time in Munich and was thus able to continue my work. This second
              Catalogue is the result of that work. Catalogue No. II has been arranged in the following sections:@@ @@
              A.@@ (Music Manuscripts) Alphabetical list of Composers, with catalogue numbers of their works (including
              the composers from my "Preliminary Catalogue")@@ @@ A.1@@ Incipits of some of the manuscripts.@@ @@ B.@@
              (Music Prints) Alphabetical list of composers, with catalogue numbers of their works, including catalogue
              numbers for the separate tables of Beethoven prints, Mozart prints. Pianoforte tutors, Violin tutors.
              Voice tutors, theory or other instrumental tutors, items of specific German or local Bavarian interest,
              also Varia (books, catalogues, etc.).@@ @@ C.@@ Alphabetical list of Publishers represented.@@ @@ D.@@
              Abbreviations used to indicate some of the publishers represented.@@ @@ E.@@ Music Manuscripts (including
              Nos. 1-97 which have already appeared in my "Preliminary Catalogue").@@ @@ F.@@ Music Prints (excluding
              items included in sections G.-M.) (P)@@ @@ G.@@ Music Prints which may be of specific German or local
              Bavarian interest. (D)@@ @@ H.@@ Music Prints of compositions by L. van Beethoven. (Be)@@ @@ I.@@ Music
              Prints of compositions by W.A. Mozart. (M)@@ @@ J.@@ Music Prints - Pianoforte Tutors. (S)@@ @@ K.@@ Music
              Prints - Violin Tutors (incl. l vocal tutor). (SV)@@ @@ L.@@ Music Prints - Vocal Tutors. (ST)@@ @@ M.@@
              Music Prints - Tutors for various instruments or Music Theory. (SC)@@ @@ N.@@ Music Prints - Varia.
              (Var.)@@ @@ O.@@ BOXES@@ @@ P.@@ Compositions of P. Meier OSB@@ @@ Because of the presence of numerous
              bound volumes which contain both manuscripts and prints, some ms. items appear in the "Prints" catalogues
              and vice versa. I have endeavoured to reproduce faithfully inscriptions and other information on the
              respective title pages. Single brackets indicate editorial remarks; double brackets indicate the use of
              brackets in the actual manuscript or print.@@ @@ August 1998. E.G.@@ @@ @@ @@ Der Bestand der
              Musikhandschriften (bei Gross der Gruppe E.) wird aufgrund seines Zusammenhang in seiner Gänze noch
              einmal, nun allerdings mit Incipits versehen aufgenommen. Der heutigen Bearbeitung kamen die
              modernisierten Recherchemöglichkeiten zu Gute. Außerdem wurden die Sammlungen, von Herrn Gross meist nur
              summarisch erfasst, in ihre Einzeltitel aufgelöst </subfield>
          </datafield>
          <datafield tag="622" ind1=" " ind2=" ">
            <subfield code="e">Benediktinerabtei St. Bonifaz,, Bibliothek, Karlstraße 34, D-80333 München</subfield>
          </datafield>
          <datafield tag="670" ind1="2" ind2=" ">
            <subfield code="a">2291</subfield>
          </datafield>
          <datafield tag="852" ind1="2" ind2=" ">
            <subfield code="b">48.1439583, 11.5638576</subfield>
          </datafield>
          <idzebra xmlns="http://www.indexdata.dk/zebra/">
            <size>4081</size>
            <localnumber>836040</localnumber>
            <filename>sigla/sigla.mrc</filename>
          </idzebra>
        </record>
      </zs:recordData>
      <zs:recordPosition>1465</zs:recordPosition>
    </zs:record>