<zs:record>
      <zs:recordPacking>xml</zs:recordPacking>
      <zs:recordData>
        <record xmlns="http://www.loc.gov/MARC21/slim">
          <leader>00480nz a2200121 4500</leader>
          <controlfield tag="001">30075936</controlfield>
          <controlfield tag="003">RISM</controlfield>
          <controlfield tag="005">20121108</controlfield>
          <controlfield tag="008">121108n||az|||||||##########||||||||||||</controlfield>
          <datafield tag="043" ind1=" " ind2=" ">
            <subfield code="c">Germany</subfield>
          </datafield>
          <datafield tag="110" ind1="2" ind2=" ">
            <subfield code="a">Bayerische Verwaltung der staatlichen Schlösser, Gärten und Seen</subfield>
            <subfield code="c">München</subfield>
            <subfield code="g">D-Mbvs</subfield>
          </datafield>
          <datafield tag="622" ind1=" " ind2=" ">
            <subfield code="e">Bayerische Verwaltung der staatlichen, Schlösser, Gärten und Seen, Schloss Nymphenburg
              Eingang 16, 80638 München, Deutschland</subfield>
            <subfield code="u">http://www.schloesser.bayern.de</subfield>
          </datafield>
          <datafield tag="852" ind1="2" ind2=" ">
            <subfield code="b">48.1391265, 11.5801863</subfield>
          </datafield>
          <idzebra xmlns="http://www.indexdata.dk/zebra/">
            <size>480</size>
            <localnumber>834795</localnumber>
            <filename>sigla/sigla.mrc</filename>
          </idzebra>
        </record>
      </zs:recordData>
      <zs:recordPosition>1153</zs:recordPosition>
    </zs:record>