<zs:record>
      <zs:recordPacking>xml</zs:recordPacking>
      <zs:recordData>
        <record xmlns="http://www.loc.gov/MARC21/slim">
          <leader>00536nz a2200133 4500</leader>
          <controlfield tag="001">30004117</controlfield>
          <controlfield tag="003">RISM</controlfield>
          <controlfield tag="005">20121108</controlfield>
          <controlfield tag="008">121108n||az|||||||##########||||||||||||</controlfield>
          <datafield tag="043" ind1=" " ind2=" ">
            <subfield code="c">Germany</subfield>
          </datafield>
          <datafield tag="110" ind1="2" ind2=" ">
            <subfield code="a">LWL-Landesmuseum für Kunst und Kulturgeschichte </subfield>
            <subfield code="c">Münster</subfield>
            <subfield code="g">D-MÜwl</subfield>
          </datafield>
          <datafield tag="410" ind1="2" ind2=" ">
            <subfield code="a">Westfälisches Landesmuseum für Kunst und Kulturgeschichte</subfield>
          </datafield>
          <datafield tag="622" ind1=" " ind2=" ">
            <subfield code="e">LWL-Landesmuseum für Kunst und, Kulturgeschichte , Domplatz 10, 48143 Münster,
              Germany</subfield>
            <subfield code="u">http://www.lwl.org/LWL/Kultur/LWL-Landesmuseum-Muenster/ausstellungen/</subfield>
          </datafield>
          <datafield tag="852" ind1="2" ind2=" ">
            <subfield code="b">51.96205, 7.62462</subfield>
          </datafield>
          <idzebra xmlns="http://www.indexdata.dk/zebra/">
            <size>536</size>
            <localnumber>835737</localnumber>
            <filename>sigla/sigla.mrc</filename>
          </idzebra>
        </record>
      </zs:recordData>
      <zs:recordPosition>1386</zs:recordPosition>
    </zs:record>