<zs:record>
      <zs:recordPacking>xml</zs:recordPacking>
      <zs:recordData>
        <record xmlns="http://www.loc.gov/MARC21/slim">
          <leader>00349nz a2200109 4500</leader>
          <controlfield tag="001">30061580</controlfield>
          <controlfield tag="003">RISM</controlfield>
          <controlfield tag="005">20121108</controlfield>
          <controlfield tag="008">121108n||az|||||||##########||||||||||||</controlfield>
          <datafield tag="043" ind1=" " ind2=" ">
            <subfield code="c">D</subfield>
          </datafield>
          <datafield tag="110" ind1="2" ind2=" ">
            <subfield code="a">Benediktinerabtei St. Mauritius</subfield>
            <subfield code="c">Niederaltaich</subfield>
            <subfield code="g">D-NATk</subfield>
          </datafield>
          <datafield tag="622" ind1=" " ind2=" ">
            <subfield code="e">Benediktinerabtei St. Mauritius, Mauritiushof 1, D-94557 Niederaltaich</subfield>
            <subfield code="u">http://www.abtei-niederaltaich.de</subfield>
          </datafield>
          <idzebra xmlns="http://www.indexdata.dk/zebra/">
            <size>349</size>
            <localnumber>834908</localnumber>
            <filename>sigla/sigla.mrc</filename>
          </idzebra>
        </record>
      </zs:recordData>
      <zs:recordPosition>1201</zs:recordPosition>
    </zs:record>