<zs:record>
      <zs:recordPacking>xml</zs:recordPacking>
      <zs:recordData>
        <record xmlns="http://www.loc.gov/MARC21/slim">
          <leader>00455nz a2200133 4500</leader>
          <controlfield tag="001">30000940</controlfield>
          <controlfield tag="003">RISM</controlfield>
          <controlfield tag="005">20121108</controlfield>
          <controlfield tag="008">121108n||az|||||||##########||||||||||||</controlfield>
          <datafield tag="043" ind1=" " ind2=" ">
            <subfield code="c">Germany</subfield>
          </datafield>
          <datafield tag="110" ind1="2" ind2=" ">
            <subfield code="a">Hohenlohe-Zentralarchiv, Landesarchiv Baden-Württemberg</subfield>
            <subfield code="c">Neuenstein</subfield>
            <subfield code="g">D-NEhz</subfield>
          </datafield>
          <datafield tag="622" ind1=" " ind2=" ">
            <subfield code="e">Hohenlohe-Zentralarchiv, Landesarchiv, Baden-Württemberg, 74632 Neuenstein (Hohenlohe),
              Germany</subfield>
            <subfield code="u">http://www.landesarchiv-bw.de/hzan</subfield>
          </datafield>
          <datafield tag="688" ind1="2" ind2=" ">
            <subfield code="a">Series B: NE</subfield>
          </datafield>
          <datafield tag="670" ind1="2" ind2=" ">
            <subfield code="a">1178</subfield>
          </datafield>
          <idzebra xmlns="http://www.indexdata.dk/zebra/">
            <size>455</size>
            <localnumber>835564</localnumber>
            <filename>sigla/sigla.mrc</filename>
          </idzebra>
        </record>
      </zs:recordData>
      <zs:recordPosition>1368</zs:recordPosition>
    </zs:record>