<zs:record>
      <zs:recordPacking>xml</zs:recordPacking>
      <zs:recordData>
        <record xmlns="http://www.loc.gov/MARC21/slim">
          <leader>00406nz a2200133 4500</leader>
          <controlfield tag="001">30001243</controlfield>
          <controlfield tag="003">RISM</controlfield>
          <controlfield tag="005">20121108</controlfield>
          <controlfield tag="008">121108n||az|||||||##########||||||||||||</controlfield>
          <datafield tag="043" ind1=" " ind2=" ">
            <subfield code="c">Germany</subfield>
          </datafield>
          <datafield tag="110" ind1="2" ind2=" ">
            <subfield code="a">Evangelisch-lutherische Kirchgemeinde, Pfarrarchiv</subfield>
            <subfield code="c">Niedertrebra</subfield>
            <subfield code="g">D-NTRE</subfield>
          </datafield>
          <datafield tag="410" ind1="2" ind2=" ">
            <subfield code="a">Kantorei</subfield>
          </datafield>
          <datafield tag="622" ind1=" " ind2=" ">
            <subfield code="e">Evangelisch-lutherische Kirchgemeinde,, Pfarrarchiv, Dorfstr. 51, 99518 Niedertrebra,
              Germany</subfield>
          </datafield>
          <datafield tag="670" ind1="2" ind2=" ">
            <subfield code="a">191</subfield>
          </datafield>
          <idzebra xmlns="http://www.indexdata.dk/zebra/">
            <size>406</size>
            <localnumber>834205</localnumber>
            <filename>sigla/sigla.mrc</filename>
          </idzebra>
        </record>
      </zs:recordData>
      <zs:recordPosition>1094</zs:recordPosition>
    </zs:record>