<zs:record>
      <zs:recordPacking>xml</zs:recordPacking>
      <zs:recordData>
        <record xmlns="http://www.loc.gov/MARC21/slim">
          <leader>00468nz a2200133 4500</leader>
          <controlfield tag="001">30000935</controlfield>
          <controlfield tag="003">RISM</controlfield>
          <controlfield tag="005">20121108</controlfield>
          <controlfield tag="008">121108n||az|||||||##########||||||||||||</controlfield>
          <datafield tag="043" ind1=" " ind2=" ">
            <subfield code="c">Germany</subfield>
          </datafield>
          <datafield tag="110" ind1="2" ind2=" ">
            <subfield code="a">Bibliothek beim Landeskirchlichen Archiv</subfield>
            <subfield code="c">Nürnberg</subfield>
            <subfield code="g">D-Nla</subfield>
          </datafield>
          <datafield tag="410" ind1="2" ind2=" ">
            <subfield code="a">Landeskirchliches Archiv der Evangelisch-Lutherischen Kirche in Bayern</subfield>
          </datafield>
          <datafield tag="622" ind1=" " ind2=" ">
            <subfield code="e">Bibliothek beim Landeskirchlichen Archiv, Veilhofstr. 28, 90489 Nürnberg,
              Germany</subfield>
            <subfield code="u">http://www.lkan-elkb.de</subfield>
          </datafield>
          <datafield tag="670" ind1="2" ind2=" ">
            <subfield code="a">667</subfield>
          </datafield>
          <idzebra xmlns="http://www.indexdata.dk/zebra/">
            <size>468</size>
            <score>598</score>
            <localnumber>832204</localnumber>
            <filename>sigla/sigla.mrc</filename>
          </idzebra>
        </record>
      </zs:recordData>
      <zs:recordPosition>695</zs:recordPosition>
    </zs:record>