<zs:record>
      <zs:recordPacking>xml</zs:recordPacking>
      <zs:recordData>
        <record xmlns="http://www.loc.gov/MARC21/slim">
          <leader>00422nz a2200121 4500</leader>
          <controlfield tag="001">30002799</controlfield>
          <controlfield tag="003">RISM</controlfield>
          <controlfield tag="005">20121108</controlfield>
          <controlfield tag="008">121108n||az|||||||##########||||||||||||</controlfield>
          <datafield tag="043" ind1=" " ind2=" ">
            <subfield code="c">Germany</subfield>
          </datafield>
          <datafield tag="110" ind1="2" ind2=" ">
            <subfield code="a">Zentralbibliothek des Melanchthon-Gymnasiums</subfield>
            <subfield code="c">Nürnberg</subfield>
            <subfield code="g">D-Nm</subfield>
          </datafield>
          <datafield tag="410" ind1="2" ind2=" ">
            <subfield code="a">früher: Alte Gymnasialbibliothek des Melanchthon Gymnasiums</subfield>
          </datafield>
          <datafield tag="622" ind1=" " ind2=" ">
            <subfield code="e">Zentralbibliothek des Melanchthon, -Gymnasiums, Sulzbacher Straße 32, D-90489
              Nürnberg</subfield>
          </datafield>
          <idzebra xmlns="http://www.indexdata.dk/zebra/">
            <size>422</size>
            <score>598</score>
            <localnumber>830339</localnumber>
            <filename>sigla/sigla.mrc</filename>
          </idzebra>
        </record>
      </zs:recordData>
      <zs:recordPosition>280</zs:recordPosition>
    </zs:record>