<zs:record>
      <zs:recordPacking>xml</zs:recordPacking>
      <zs:recordData>
        <record xmlns="http://www.loc.gov/MARC21/slim">
          <leader>00523nz a2200133 4500</leader>
          <controlfield tag="001">30000965</controlfield>
          <controlfield tag="003">RISM</controlfield>
          <controlfield tag="005">20121108</controlfield>
          <controlfield tag="008">121108n||az|||||||##########||||||||||||</controlfield>
          <datafield tag="043" ind1=" " ind2=" ">
            <subfield code="c">Germany</subfield>
          </datafield>
          <datafield tag="110" ind1="2" ind2=" ">
            <subfield code="a">Prediger- und Studienseminar der Evangelisch-lutherischen Landeskirche
              Schleswig-Holsteins, Bibliothek</subfield>
            <subfield code="c">Preetz</subfield>
            <subfield code="g">D-PRE</subfield>
          </datafield>
          <datafield tag="410" ind1="2" ind2=" ">
            <subfield code="a">Predigerseminar</subfield>
          </datafield>
          <datafield tag="622" ind1=" " ind2=" ">
            <subfield code="e">Prediger- und Studienseminar der, Evangelisch-lutherischen Landeskirche,
              Schleswig-Holsteins, Bibliothek, Kieler Straße 30, D-24211 Preetz</subfield>
          </datafield>
          <datafield tag="852" ind1="2" ind2=" ">
            <subfield code="b">54.2334129, 10.2715991</subfield>
          </datafield>
          <idzebra xmlns="http://www.indexdata.dk/zebra/">
            <size>523</size>
            <score>598</score>
            <localnumber>832155</localnumber>
            <filename>sigla/sigla.mrc</filename>
          </idzebra>
        </record>
      </zs:recordData>
      <zs:recordPosition>688</zs:recordPosition>
    </zs:record>