<zs:record>
      <zs:recordPacking>xml</zs:recordPacking>
      <zs:recordData>
        <record xmlns="http://www.loc.gov/MARC21/slim">
          <leader>00255nz a2200109 4500</leader>
          <controlfield tag="001">30006640</controlfield>
          <controlfield tag="003">RISM</controlfield>
          <controlfield tag="005">20121108</controlfield>
          <controlfield tag="008">121108n||az|||||||##########||||||||||||</controlfield>
          <datafield tag="043" ind1=" " ind2=" ">
            <subfield code="c">D</subfield>
          </datafield>
          <datafield tag="110" ind1="2" ind2=" ">
            <subfield code="a">Universitätsbibliothek</subfield>
            <subfield code="c">Passau</subfield>
            <subfield code="g">D-Pu</subfield>
          </datafield>
          <datafield tag="622" ind1=" " ind2=" ">
            <subfield code="u">http://www.ub.uni-passau.de/</subfield>
          </datafield>
          <idzebra xmlns="http://www.indexdata.dk/zebra/">
            <size>255</size>
            <localnumber>835361</localnumber>
            <filename>sigla/sigla.mrc</filename>
          </idzebra>
        </record>
      </zs:recordData>
      <zs:recordPosition>1311</zs:recordPosition>
    </zs:record>