<zs:record>
      <zs:recordPacking>xml</zs:recordPacking>
      <zs:recordData>
        <record xmlns="http://www.loc.gov/MARC21/slim">
          <leader>00499nz a2200133 4500</leader>
          <controlfield tag="001">30000978</controlfield>
          <controlfield tag="003">RISM</controlfield>
          <controlfield tag="005">20121108</controlfield>
          <controlfield tag="008">121108n||az|||||||##########||||||||||||</controlfield>
          <datafield tag="043" ind1=" " ind2=" ">
            <subfield code="c">Germany</subfield>
          </datafield>
          <datafield tag="110" ind1="2" ind2=" ">
            <subfield code="a">Predigerseminar Rotenburg, Bibliothek</subfield>
            <subfield code="c">Rotenburg an der Wümme</subfield>
            <subfield code="g">D-ROT</subfield>
          </datafield>
          <datafield tag="580" ind1=" " ind2=" ">
            <subfield code="x">D-STs</subfield>
            <subfield code="0">30076593</subfield>
          </datafield>
          <datafield tag="680" ind1="2" ind2=" ">
            <subfield code="i">Das Predigerseminar in Rotenburg an der Wümme wurde aufgelöst. D-ROT ist als Sammlung
              Teil von D-ST. Beide Bestände bilden zusammen ein Depositum in D-STs</subfield>
          </datafield>
          <datafield tag="710" ind1="2" ind2=" ">
            <subfield code="a">Predigerbibliothek</subfield>
            <subfield code="0">30001009</subfield>
          </datafield>
          <idzebra xmlns="http://www.indexdata.dk/zebra/">
            <size>499</size>
            <localnumber>835565</localnumber>
            <filename>sigla/sigla.mrc</filename>
          </idzebra>
        </record>
      </zs:recordData>
      <zs:recordPosition>1369</zs:recordPosition>
    </zs:record>