<zs:record>
      <zs:recordPacking>xml</zs:recordPacking>
      <zs:recordData>
        <record xmlns="http://www.loc.gov/MARC21/slim">
          <leader>00564nz a2200145 4500</leader>
          <controlfield tag="001">30000062</controlfield>
          <controlfield tag="003">RISM</controlfield>
          <controlfield tag="005">20121108</controlfield>
          <controlfield tag="008">121108n||az|||||||##########||||||||||||</controlfield>
          <datafield tag="043" ind1=" " ind2=" ">
            <subfield code="c">Germany</subfield>
          </datafield>
          <datafield tag="110" ind1="2" ind2=" ">
            <subfield code="a">Universität Rostock, Universitätsbibliothek, Fachgebiet Musik</subfield>
            <subfield code="c">Rostock</subfield>
            <subfield code="g">D-ROu</subfield>
          </datafield>
          <datafield tag="410" ind1="2" ind2=" ">
            <subfield code="a">Wilhelm-Pieck-Universität, Universitätsbibliothek, Fachgebiet Musik</subfield>
          </datafield>
          <datafield tag="622" ind1=" " ind2=" ">
            <subfield code="e">Universität Rostock,, Universitätsbibliothek, Fachgebiet, Musik, Universitätsplatz 5,
              18055 Rostock, Germany</subfield>
            <subfield code="u">http://www.uni-rostock.de/ub/</subfield>
          </datafield>
          <datafield tag="670" ind1="2" ind2=" ">
            <subfield code="a">322</subfield>
          </datafield>
          <datafield tag="852" ind1="2" ind2=" ">
            <subfield code="b">54.0902273, 12.1329354</subfield>
          </datafield>
          <idzebra xmlns="http://www.indexdata.dk/zebra/">
            <size>564</size>
            <score>598</score>
            <localnumber>832380</localnumber>
            <filename>sigla/sigla.mrc</filename>
          </idzebra>
        </record>
      </zs:recordData>
      <zs:recordPosition>780</zs:recordPosition>
    </zs:record>