<zs:record>
      <zs:recordPacking>xml</zs:recordPacking>
      <zs:recordData>
        <record xmlns="http://www.loc.gov/MARC21/slim">
          <leader>00629nz a2200157 4500</leader>
          <controlfield tag="001">30000217</controlfield>
          <controlfield tag="003">RISM</controlfield>
          <controlfield tag="005">20121108</controlfield>
          <controlfield tag="008">121108n||az|||||||##########||||||||||||</controlfield>
          <datafield tag="043" ind1=" " ind2=" ">
            <subfield code="c">Germany</subfield>
          </datafield>
          <datafield tag="110" ind1="2" ind2=" ">
            <subfield code="a">Fürst Thurn und Taxis Hofbibliothek und Zentralbibliothek</subfield>
            <subfield code="c">Regensburg</subfield>
            <subfield code="g">D-Rtt</subfield>
          </datafield>
          <datafield tag="410" ind1="2" ind2=" ">
            <subfield code="a">Fürstlich Thurn und Taxissche Hofbibliothek</subfield>
          </datafield>
          <datafield tag="410" ind1="2" ind2=" ">
            <subfield code="a">Fürstlich Thurn und Taxis Hofbibliothek</subfield>
          </datafield>
          <datafield tag="622" ind1=" " ind2=" ">
            <subfield code="e">Fürst Thurn und Taxis Hofbibliothek und, Zentralbibliothek, Schloß, Emmeramsplatz 5,
              93047 Regensburg</subfield>
            <subfield code="u">http://www.bibliothek.uni-regensburg.de/bestaende/hofbibliothek/index.html</subfield>
          </datafield>
          <datafield tag="670" ind1="2" ind2=" ">
            <subfield code="a">3934</subfield>
          </datafield>
          <datafield tag="852" ind1="2" ind2=" ">
            <subfield code="b">49.016491, 12.100904</subfield>
          </datafield>
          <idzebra xmlns="http://www.indexdata.dk/zebra/">
            <size>629</size>
            <score>598</score>
            <localnumber>831476</localnumber>
            <filename>sigla/sigla.mrc</filename>
          </idzebra>
        </record>
      </zs:recordData>
      <zs:recordPosition>542</zs:recordPosition>
    </zs:record>