<zs:record>
      <zs:recordPacking>xml</zs:recordPacking>
      <zs:recordData>
        <record xmlns="http://www.loc.gov/MARC21/slim">
          <leader>00618nz a2200121 4500</leader>
          <controlfield tag="001">30000986</controlfield>
          <controlfield tag="003">RISM</controlfield>
          <controlfield tag="005">20121108</controlfield>
          <controlfield tag="008">121108n||az|||||||##########||||||||||||</controlfield>
          <datafield tag="043" ind1=" " ind2=" ">
            <subfield code="c">Germany</subfield>
          </datafield>
          <datafield tag="110" ind1="2" ind2=" ">
            <subfield code="a">Bibliothek des Musikwissenschaftlichen Instituts der Universität des Saarlandes </subfield>
            <subfield code="c">Saarbrücken</subfield>
            <subfield code="g">D-SAAmi</subfield>
          </datafield>
          <datafield tag="622" ind1=" " ind2=" ">
            <subfield code="e">Bibliothek des Musikwissenschaftlichen, Instituts der Universität des, Saarlandes ,
              Campus, Gebäude C5 2, Erdgeschoss, 66123 Saarbrücken, Germany</subfield>
            <subfield code="u">http://www.uni-saarland.de/de/campus/fakultaeten/fachrichtungen/philosophische-fakultaet-i/fachrichtungen/musikwissenschaft.html</subfield>
          </datafield>
          <datafield tag="852" ind1="2" ind2=" ">
            <subfield code="b">49.2547027, 7.0395391</subfield>
          </datafield>
          <idzebra xmlns="http://www.indexdata.dk/zebra/">
            <size>618</size>
            <localnumber>836093</localnumber>
            <filename>sigla/sigla.mrc</filename>
          </idzebra>
        </record>
      </zs:recordData>
      <zs:recordPosition>1487</zs:recordPosition>
    </zs:record>