<zs:record>
      <zs:recordPacking>xml</zs:recordPacking>
      <zs:recordData>
        <record xmlns="http://www.loc.gov/MARC21/slim">
          <leader>00372nz a2200121 4500</leader>
          <controlfield tag="001">30006113</controlfield>
          <controlfield tag="003">RISM</controlfield>
          <controlfield tag="005">20121108</controlfield>
          <controlfield tag="008">121108n||az|||||||##########||||||||||||</controlfield>
          <datafield tag="043" ind1=" " ind2=" ">
            <subfield code="c">Germany</subfield>
          </datafield>
          <datafield tag="110" ind1="2" ind2=" ">
            <subfield code="a">Lauenstein Rudorff-Archiv</subfield>
            <subfield code="c">Salzhemmendorf</subfield>
            <subfield code="g">D-SAHr</subfield>
          </datafield>
          <datafield tag="622" ind1=" " ind2=" ">
            <subfield code="e">Lauenstein Rudorff-Archiv, c/o Hans von Gottberg, Im Flecken 48, D, -31020
              Salzhemmendorf</subfield>
          </datafield>
          <datafield tag="852" ind1="2" ind2=" ">
            <subfield code="b">52.0652596, 9.5905126</subfield>
          </datafield>
          <idzebra xmlns="http://www.indexdata.dk/zebra/">
            <size>372</size>
            <score>598</score>
            <localnumber>831684</localnumber>
            <filename>sigla/sigla.mrc</filename>
          </idzebra>
        </record>
      </zs:recordData>
      <zs:recordPosition>592</zs:recordPosition>
    </zs:record>