<zs:record>
      <zs:recordPacking>xml</zs:recordPacking>
      <zs:recordData>
        <record xmlns="http://www.loc.gov/MARC21/slim">
          <leader>00646nz a2200169 4500</leader>
          <controlfield tag="001">30000988</controlfield>
          <controlfield tag="003">RISM</controlfield>
          <controlfield tag="005">20121108</controlfield>
          <controlfield tag="008">121108n||az|||||||##########||||||||||||</controlfield>
          <datafield tag="043" ind1=" " ind2=" ">
            <subfield code="c">Germany</subfield>
          </datafield>
          <datafield tag="110" ind1="2" ind2=" ">
            <subfield code="a">Johannes-Turmair-Gymnasium, Bibliothek</subfield>
            <subfield code="c">Straubing</subfield>
            <subfield code="g">D-SBg</subfield>
          </datafield>
          <datafield tag="410" ind1="2" ind2=" ">
            <subfield code="a">Gymnasialbibliothek</subfield>
          </datafield>
          <datafield tag="410" ind1="2" ind2=" ">
            <subfield code="a">Kgl. Studienbibliothek</subfield>
          </datafield>
          <datafield tag="622" ind1=" " ind2=" ">
            <subfield code="e">Johannes-Turmair-Gymnasium, Bibliothek, Am Peterswöhrd 5, 94315 Straubing,
              Germany</subfield>
            <subfield code="u">http://www.turmair-gymnasium.de/</subfield>
          </datafield>
          <datafield tag="680" ind1="2" ind2=" ">
            <subfield code="i">Der Bestand als Eigentum des Freistaates Bayern steht unter Verwaltung von D-Ps. Standort
              ist D-SBg.</subfield>
          </datafield>
          <datafield tag="710" ind1="2" ind2=" ">
            <subfield code="a">Staatliche Bibliothek</subfield>
            <subfield code="0">30000961</subfield>
          </datafield>
          <datafield tag="852" ind1="2" ind2=" ">
            <subfield code="b">48.879921, 12.570278</subfield>
          </datafield>
          <idzebra xmlns="http://www.indexdata.dk/zebra/">
            <size>646</size>
            <localnumber>833384</localnumber>
            <filename>sigla/sigla.mrc</filename>
          </idzebra>
        </record>
      </zs:recordData>
      <zs:recordPosition>1038</zs:recordPosition>
    </zs:record>