<zs:record>
      <zs:recordPacking>xml</zs:recordPacking>
      <zs:recordData>
        <record xmlns="http://www.loc.gov/MARC21/slim">
          <leader>00431nz a2200121 4500</leader>
          <controlfield tag="001">30076115</controlfield>
          <controlfield tag="003">RISM</controlfield>
          <controlfield tag="005">20121108</controlfield>
          <controlfield tag="008">121108n||az|||||||##########||||||||||||</controlfield>
          <datafield tag="043" ind1=" " ind2=" ">
            <subfield code="c">Germany</subfield>
          </datafield>
          <datafield tag="110" ind1="2" ind2=" ">
            <subfield code="a">Kirchgemeinde St. Wolfgang, Bibliothek</subfield>
            <subfield code="c">Schneeberg (Erzgebirge)</subfield>
            <subfield code="g">D-SEB</subfield>
          </datafield>
          <datafield tag="410" ind1="2" ind2=" ">
            <subfield code="a">St. Wolfgang Kirche</subfield>
          </datafield>
          <datafield tag="622" ind1=" " ind2=" ">
            <subfield code="e">Kirchgemeinde St. Wolfgang, Bibliothek, Kirchgasse 7, 08289 Schneeberg, Deutschland
              Sachsen</subfield>
            <subfield code="u">http://www.st-wolfgang-schneeberg.de</subfield>
          </datafield>
          <idzebra xmlns="http://www.indexdata.dk/zebra/">
            <size>431</size>
            <localnumber>834723</localnumber>
            <filename>sigla/sigla.mrc</filename>
          </idzebra>
        </record>
      </zs:recordData>
      <zs:recordPosition>1139</zs:recordPosition>
    </zs:record>