<zs:record>
      <zs:recordPacking>xml</zs:recordPacking>
      <zs:recordData>
        <record xmlns="http://www.loc.gov/MARC21/slim">
          <leader>00506nz a2200133 4500</leader>
          <controlfield tag="001">30001274</controlfield>
          <controlfield tag="003">RISM</controlfield>
          <controlfield tag="005">20121108</controlfield>
          <controlfield tag="008">121108n||az|||||||##########||||||||||||</controlfield>
          <datafield tag="043" ind1=" " ind2=" ">
            <subfield code="c">Germany</subfield>
          </datafield>
          <datafield tag="110" ind1="2" ind2=" ">
            <subfield code="a">Naturhistorisches Museum Schloß Bertholdsburg, Historische Gymnasialbibliothek</subfield>
            <subfield code="c">Schleusingen</subfield>
            <subfield code="g">D-SGh</subfield>
          </datafield>
          <datafield tag="410" ind1="2" ind2=" ">
            <subfield code="a">Heimatmuseum</subfield>
          </datafield>
          <datafield tag="410" ind1="2" ind2=" ">
            <subfield code="a">Heimatmuseum &amp; Bibliothek der Oberschule</subfield>
          </datafield>
          <datafield tag="622" ind1=" " ind2=" ">
            <subfield code="e">Naturhistorisches Museum Schloß, Bertholdsburg, Historische, Gymnasialbibliothek,
              Burgstr. 6, 98553 Schleusingen, Germany</subfield>
          </datafield>
          <idzebra xmlns="http://www.indexdata.dk/zebra/">
            <size>506</size>
            <score>598</score>
            <localnumber>832658</localnumber>
            <filename>sigla/sigla.mrc</filename>
          </idzebra>
        </record>
      </zs:recordData>
      <zs:recordPosition>868</zs:recordPosition>
    </zs:record>