<zs:record>
      <zs:recordPacking>xml</zs:recordPacking>
      <zs:recordData>
        <record xmlns="http://www.loc.gov/MARC21/slim">
          <leader>00576nz a2200145 4500</leader>
          <controlfield tag="001">30001006</controlfield>
          <controlfield tag="003">RISM</controlfield>
          <controlfield tag="005">20121108</controlfield>
          <controlfield tag="008">121108n||az|||||||##########||||||||||||</controlfield>
          <datafield tag="043" ind1=" " ind2=" ">
            <subfield code="c">Germany</subfield>
          </datafield>
          <datafield tag="110" ind1="2" ind2=" ">
            <subfield code="a">Landesbibliothekszentrum Rheinland-Pfalz / Pfälzische Landesbibliothek,
              Musikabteilung</subfield>
            <subfield code="c">Speyer</subfield>
            <subfield code="g">D-SPlb</subfield>
          </datafield>
          <datafield tag="622" ind1=" " ind2=" ">
            <subfield code="e">Landesbibliothekszentrum Rheinland-Pfalz, / Pfälzische Landesbibliothek,, Musikabteilung,
              Otto-Mayer-Straße 9, 67346 Speyer, Germany</subfield>
            <subfield code="u">http://www.lbz-rlp.de/cms/pfaelzische-landesbibliothek/</subfield>
          </datafield>
          <datafield tag="688" ind1="2" ind2=" ">
            <subfield code="a">Series B: SP</subfield>
          </datafield>
          <datafield tag="670" ind1="2" ind2=" ">
            <subfield code="a">1128</subfield>
          </datafield>
          <datafield tag="852" ind1="2" ind2=" ">
            <subfield code="b">49.31528, 8.41557</subfield>
          </datafield>
          <idzebra xmlns="http://www.indexdata.dk/zebra/">
            <size>576</size>
            <score>598</score>
            <localnumber>832243</localnumber>
            <filename>sigla/sigla.mrc</filename>
          </idzebra>
        </record>
      </zs:recordData>
      <zs:recordPosition>730</zs:recordPosition>
    </zs:record>