<zs:record>
      <zs:recordPacking>xml</zs:recordPacking>
      <zs:recordData>
        <record xmlns="http://www.loc.gov/MARC21/slim">
          <leader>00390nz a2200109 4500</leader>
          <controlfield tag="001">30001283</controlfield>
          <controlfield tag="003">RISM</controlfield>
          <controlfield tag="005">20121108</controlfield>
          <controlfield tag="008">121108n||az|||||||##########||||||||||||</controlfield>
          <datafield tag="043" ind1=" " ind2=" ">
            <subfield code="c">Germany</subfield>
          </datafield>
          <datafield tag="110" ind1="2" ind2=" ">
            <subfield code="a">Marienkirche, Schönbecksche Bibliothek</subfield>
            <subfield code="c">Stendal</subfield>
            <subfield code="g">D-STEm</subfield>
          </datafield>
          <datafield tag="622" ind1=" " ind2=" ">
            <subfield code="e">Marienkirche, Schönbecksche Bibliothek, c/o Evangelische Stadtgemeinde, Hallstr. 28,
              39596 Stendal, Germany</subfield>
            <subfield code="u">http://www.stadtgemeinde.de/</subfield>
          </datafield>
          <idzebra xmlns="http://www.indexdata.dk/zebra/">
            <size>390</size>
            <score>598</score>
            <localnumber>832665</localnumber>
            <filename>sigla/sigla.mrc</filename>
          </idzebra>
        </record>
      </zs:recordData>
      <zs:recordPosition>875</zs:recordPosition>
    </zs:record>