<zs:record>
      <zs:recordPacking>xml</zs:recordPacking>
      <zs:recordData>
        <record xmlns="http://www.loc.gov/MARC21/slim">
          <leader>00373nz a2200133 4500</leader>
          <controlfield tag="001">30003704</controlfield>
          <controlfield tag="003">RISM</controlfield>
          <controlfield tag="005">20121108</controlfield>
          <controlfield tag="008">121108n||az|||||||##########||||||||||||</controlfield>
          <datafield tag="043" ind1=" " ind2=" ">
            <subfield code="c">Germany</subfield>
          </datafield>
          <datafield tag="110" ind1="2" ind2=" ">
            <subfield code="a">Katholische Pfarrei</subfield>
            <subfield code="c">Stralsbach</subfield>
            <subfield code="g">D-STR</subfield>
          </datafield>
          <datafield tag="510" ind1="2" ind2=" ">
            <subfield code="a">Katholische Pfarrei</subfield>
          </datafield>
          <datafield tag="680" ind1="2" ind2=" ">
            <subfield code="i">Sigel bitte nicht mehr verwenden. Frühere Sigelansetzung, heute D-STB.</subfield>
          </datafield>
          <datafield tag="688" ind1="2" ind2=" ">
            <subfield code="a">Series A/I: STB</subfield>
          </datafield>
          <idzebra xmlns="http://www.indexdata.dk/zebra/">
            <size>373</size>
            <score>598</score>
            <localnumber>829886</localnumber>
            <filename>sigla/sigla.mrc</filename>
          </idzebra>
        </record>
      </zs:recordData>
      <zs:recordPosition>155</zs:recordPosition>
    </zs:record>