<zs:record>
      <zs:recordPacking>xml</zs:recordPacking>
      <zs:recordData>
        <record xmlns="http://www.loc.gov/MARC21/slim">
          <leader>00493nz a2200145 4500</leader>
          <controlfield tag="001">30004120</controlfield>
          <controlfield tag="003">RISM</controlfield>
          <controlfield tag="005">20121108</controlfield>
          <controlfield tag="008">121108n||az|||||||##########||||||||||||</controlfield>
          <datafield tag="043" ind1=" " ind2=" ">
            <subfield code="c">Germany</subfield>
          </datafield>
          <datafield tag="110" ind1="2" ind2=" ">
            <subfield code="a">Schleswig-Holsteinisches Landesarchiv</subfield>
            <subfield code="c">Schleswig</subfield>
            <subfield code="g">D-SWGa</subfield>
          </datafield>
          <datafield tag="410" ind1="2" ind2=" ">
            <subfield code="a">Landesarchiv Schleswig-Holstein</subfield>
          </datafield>
          <datafield tag="622" ind1=" " ind2=" ">
            <subfield code="e">Schleswig-Holsteinisches Landesarchiv, Prinzenpalais, 24837 Schleswig,
              Deutschland</subfield>
            <subfield code="u">http://www.schleswig-holstein.de/LA/DE/LA__node.html</subfield>
          </datafield>
          <datafield tag="680" ind1="2" ind2=" ">
            <subfield code="i">Arbeitsst.: München</subfield>
          </datafield>
          <datafield tag="670" ind1="2" ind2=" ">
            <subfield code="a">24</subfield>
          </datafield>
          <idzebra xmlns="http://www.indexdata.dk/zebra/">
            <size>493</size>
            <score>598</score>
            <localnumber>832560</localnumber>
            <filename>sigla/sigla.mrc</filename>
          </idzebra>
        </record>
      </zs:recordData>
      <zs:recordPosition>829</zs:recordPosition>
    </zs:record>