<zs:record>
      <zs:recordPacking>xml</zs:recordPacking>
      <zs:recordData>
        <record xmlns="http://www.loc.gov/MARC21/slim">
          <leader>00546nz a2200121 4500</leader>
          <controlfield tag="001">30000983</controlfield>
          <controlfield tag="003">RISM</controlfield>
          <controlfield tag="005">20121108</controlfield>
          <controlfield tag="008">121108n||az|||||||##########||||||||||||</controlfield>
          <datafield tag="043" ind1=" " ind2=" ">
            <subfield code="c">Germany</subfield>
          </datafield>
          <datafield tag="110" ind1="2" ind2=" ">
            <subfield code="a">Landeskirchliche Zentralbibliothek - Bibliothek des Evangelischen
              Oberkirchenrats</subfield>
            <subfield code="c">Stuttgart</subfield>
            <subfield code="g">D-Seo</subfield>
          </datafield>
          <datafield tag="410" ind1="2" ind2=" ">
            <subfield code="a">Bibliothek und Archiv des Evangelischen Oberkirchenrats</subfield>
          </datafield>
          <datafield tag="622" ind1=" " ind2=" ">
            <subfield code="e">Landeskirchliche Zentralbibliothek -, Bibliothek des Evangelischen, Oberkirchenrats,
              Balinger Str. 33/1, 70567 Stuttgart, Germany</subfield>
            <subfield code="u">http://www.zentralbibliothek.elk-wue.de/?id=6455</subfield>
          </datafield>
          <idzebra xmlns="http://www.indexdata.dk/zebra/">
            <size>546</size>
            <score>598</score>
            <localnumber>832422</localnumber>
            <filename>sigla/sigla.mrc</filename>
          </idzebra>
        </record>
      </zs:recordData>
      <zs:recordPosition>793</zs:recordPosition>
    </zs:record>