<zs:record>
      <zs:recordPacking>xml</zs:recordPacking>
      <zs:recordData>
        <record xmlns="http://www.loc.gov/MARC21/slim">
          <leader>00543nz a2200133 4500</leader>
          <controlfield tag="001">30000984</controlfield>
          <controlfield tag="003">RISM</controlfield>
          <controlfield tag="005">20121108</controlfield>
          <controlfield tag="008">121108n||az|||||||##########||||||||||||</controlfield>
          <datafield tag="043" ind1=" " ind2=" ">
            <subfield code="c">Germany</subfield>
          </datafield>
          <datafield tag="110" ind1="2" ind2=" ">
            <subfield code="a">Staatliche Hochschule für Musik und Darstellende Kunst, Bibliothek</subfield>
            <subfield code="c">Stuttgart</subfield>
            <subfield code="g">D-Sh</subfield>
          </datafield>
          <datafield tag="410" ind1="2" ind2=" ">
            <subfield code="a">University of Music and Performing Arts</subfield>
          </datafield>
          <datafield tag="410" ind1="2" ind2=" ">
            <subfield code="a">Königliches Konservatorium</subfield>
          </datafield>
          <datafield tag="622" ind1=" " ind2=" ">
            <subfield code="e">Staatliche Hochschule für Musik und, Darstellende Kunst, Bibliothek, Urbanstr. 25, 70180
              Stuttgart, Germany</subfield>
            <subfield code="u">http://www.mh-stuttgart.de/einrichtungen/bibliothek/</subfield>
          </datafield>
          <idzebra xmlns="http://www.indexdata.dk/zebra/">
            <size>543</size>
            <localnumber>833382</localnumber>
            <filename>sigla/sigla.mrc</filename>
          </idzebra>
        </record>
      </zs:recordData>
      <zs:recordPosition>1036</zs:recordPosition>
    </zs:record>