<zs:record>
      <zs:recordPacking>xml</zs:recordPacking>
      <zs:recordData>
        <record xmlns="http://www.loc.gov/MARC21/slim">
          <leader>00346nz a2200109 4500</leader>
          <controlfield tag="001">30002832</controlfield>
          <controlfield tag="003">RISM</controlfield>
          <controlfield tag="005">20121108</controlfield>
          <controlfield tag="008">121108n||az|||||||##########||||||||||||</controlfield>
          <datafield tag="043" ind1=" " ind2=" ">
            <subfield code="c">Germany</subfield>
          </datafield>
          <datafield tag="110" ind1="2" ind2=" ">
            <subfield code="a">Verband der evangelischen Kirchenchöre Schleswig-Holsteins</subfield>
            <subfield code="c">Thumby</subfield>
            <subfield code="g">D-TBY</subfield>
          </datafield>
          <datafield tag="622" ind1=" " ind2=" ">
            <subfield code="e">Verband der evangelischen Kirchenchöre, Schleswig-Holsteins, D-24891 Thumby</subfield>
          </datafield>
          <idzebra xmlns="http://www.indexdata.dk/zebra/">
            <size>346</size>
            <score>598</score>
            <localnumber>829809</localnumber>
            <filename>sigla/sigla.mrc</filename>
          </idzebra>
        </record>
      </zs:recordData>
      <zs:recordPosition>152</zs:recordPosition>
    </zs:record>