<zs:record>
      <zs:recordPacking>xml</zs:recordPacking>
      <zs:recordData>
        <record xmlns="http://www.loc.gov/MARC21/slim">
          <leader>00712nz a2200181 4500</leader>
          <controlfield tag="001">30001014</controlfield>
          <controlfield tag="003">RISM</controlfield>
          <controlfield tag="005">20121108</controlfield>
          <controlfield tag="008">121108n||az|||||||##########||||||||||||</controlfield>
          <datafield tag="043" ind1=" " ind2=" ">
            <subfield code="c">Germany</subfield>
          </datafield>
          <datafield tag="110" ind1="2" ind2=" ">
            <subfield code="a">Schwäbisches Landesmusikarchiv</subfield>
            <subfield code="c">Tübingen</subfield>
            <subfield code="g">D-Tl</subfield>
          </datafield>
          <datafield tag="410" ind1="2" ind2=" ">
            <subfield code="a">Schwäbisches Landesmusikarchiv am Musikwissenschaftlichen Institut der
              Universität</subfield>
          </datafield>
          <datafield tag="580" ind1=" " ind2=" ">
            <subfield code="x">D-Tmi</subfield>
            <subfield code="0">30001016</subfield>
          </datafield>
          <datafield tag="622" ind1=" " ind2=" ">
            <subfield code="e">Schwäbisches Landesmusikarchiv, Schulberg 2, 72070 Tübingen, Germany</subfield>
            <subfield code="u">http://www.uni-tuebingen.de/en/faculties/philosophische-fakultaet/fachbereiche/altertums-und-kunstwissenschaften/mwi/landesmusikarchiv.html</subfield>
          </datafield>
          <datafield tag="680" ind1="2" ind2=" ">
            <subfield code="i">Zusammen mit D-Tmi.</subfield>
          </datafield>
          <datafield tag="688" ind1="2" ind2=" ">
            <subfield code="a">Series B: Tsch</subfield>
          </datafield>
          <datafield tag="670" ind1="2" ind2=" ">
            <subfield code="a">4751</subfield>
          </datafield>
          <datafield tag="852" ind1="2" ind2=" ">
            <subfield code="b">48.522904, 9.052098</subfield>
          </datafield>
          <idzebra xmlns="http://www.indexdata.dk/zebra/">
            <size>712</size>
            <score>598</score>
            <localnumber>830579</localnumber>
            <filename>sigla/sigla.mrc</filename>
          </idzebra>
        </record>
      </zs:recordData>
      <zs:recordPosition>366</zs:recordPosition>
    </zs:record>