<zs:record>
      <zs:recordPacking>xml</zs:recordPacking>
      <zs:recordData>
        <record xmlns="http://www.loc.gov/MARC21/slim">
          <leader>00582nz a2200133 4500</leader>
          <controlfield tag="001">30001016</controlfield>
          <controlfield tag="003">RISM</controlfield>
          <controlfield tag="005">20121108</controlfield>
          <controlfield tag="008">121108n||az|||||||##########||||||||||||</controlfield>
          <datafield tag="043" ind1=" " ind2=" ">
            <subfield code="c">Germany</subfield>
          </datafield>
          <datafield tag="110" ind1="2" ind2=" ">
            <subfield code="a">Musikwissenschaftliches Institut der Eberhard-Karls-Universität</subfield>
            <subfield code="c">Tübingen</subfield>
            <subfield code="g">D-Tmi</subfield>
          </datafield>
          <datafield tag="622" ind1=" " ind2=" ">
            <subfield code="e">Musikwissenschaftliches Institut der, Eberhard-Karls-Universität, Schulberg 2, 72070
              Tübingen, Germany</subfield>
            <subfield code="u">http://www.uni-tuebingen.de/en/faculties/philosophische-fakultaet/fachbereiche/altertums-und-kunstwissenschaften/mwi/institut.html</subfield>
          </datafield>
          <datafield tag="680" ind1="2" ind2=" ">
            <subfield code="i">Zusammen mit D-Tl.</subfield>
          </datafield>
          <datafield tag="852" ind1="2" ind2=" ">
            <subfield code="b">48.5203, 9.05699</subfield>
          </datafield>
          <idzebra xmlns="http://www.indexdata.dk/zebra/">
            <size>582</size>
            <score>598</score>
            <localnumber>831514</localnumber>
            <filename>sigla/sigla.mrc</filename>
          </idzebra>
        </record>
      </zs:recordData>
      <zs:recordPosition>544</zs:recordPosition>
    </zs:record>