<zs:record>
      <zs:recordPacking>xml</zs:recordPacking>
      <zs:recordData>
        <record xmlns="http://www.loc.gov/MARC21/slim">
          <leader>00392nz a2200121 4500</leader>
          <controlfield tag="001">30061585</controlfield>
          <controlfield tag="003">RISM</controlfield>
          <controlfield tag="005">20121108</controlfield>
          <controlfield tag="008">121108n||az|||||||##########||||||||||||</controlfield>
          <datafield tag="043" ind1=" " ind2=" ">
            <subfield code="c">Germany</subfield>
          </datafield>
          <datafield tag="110" ind1="2" ind2=" ">
            <subfield code="a">Haus der Stadtgeschichte - Stadtarchiv</subfield>
            <subfield code="c">Ulm</subfield>
            <subfield code="g">D-Ua</subfield>
          </datafield>
          <datafield tag="622" ind1=" " ind2=" ">
            <subfield code="e">Haus der Stadtgeschichte - Stadtarchiv, Schwörhaus, Weinhof 12, 89073 Ulm,
              Germany</subfield>
            <subfield code="u">http://www.stadtarchiv.ulm.de</subfield>
          </datafield>
          <datafield tag="852" ind1="2" ind2=" ">
            <subfield code="b">48.39631, 9.9905</subfield>
          </datafield>
          <idzebra xmlns="http://www.indexdata.dk/zebra/">
            <size>392</size>
            <localnumber>834913</localnumber>
            <filename>sigla/sigla.mrc</filename>
          </idzebra>
        </record>
      </zs:recordData>
      <zs:recordPosition>1206</zs:recordPosition>
    </zs:record>