<zs:record>
      <zs:recordPacking>xml</zs:recordPacking>
      <zs:recordData>
        <record xmlns="http://www.loc.gov/MARC21/slim">
          <leader>00411nz a2200121 4500</leader>
          <controlfield tag="001">30001036</controlfield>
          <controlfield tag="003">RISM</controlfield>
          <controlfield tag="005">20121108</controlfield>
          <controlfield tag="008">121108n||az|||||||##########||||||||||||</controlfield>
          <datafield tag="043" ind1=" " ind2=" ">
            <subfield code="c">Germany</subfield>
          </datafield>
          <datafield tag="110" ind1="2" ind2=" ">
            <subfield code="a">Bibliothek St. Albert, Albertus-Magnus-Akademie</subfield>
            <subfield code="c">Bornheim</subfield>
            <subfield code="g">D-WBB</subfield>
          </datafield>
          <datafield tag="622" ind1=" " ind2=" ">
            <subfield code="e">Bibliothek St. Albert, Albertus-Magnus, -Akademie, Rheindorfer Burgweg 39, D-53332,
              Bornheim-Walberberg (Rheinland)</subfield>
          </datafield>
          <datafield tag="852" ind1="2" ind2=" ">
            <subfield code="b">50.763756, 6.984697</subfield>
          </datafield>
          <idzebra xmlns="http://www.indexdata.dk/zebra/">
            <size>411</size>
            <score>598</score>
            <localnumber>832428</localnumber>
            <filename>sigla/sigla.mrc</filename>
          </idzebra>
        </record>
      </zs:recordData>
      <zs:recordPosition>799</zs:recordPosition>
    </zs:record>