<zs:record>
      <zs:recordPacking>xml</zs:recordPacking>
      <zs:recordData>
        <record xmlns="http://www.loc.gov/MARC21/slim">
          <leader>00581nz a2200133 4500</leader>
          <controlfield tag="001">30001037</controlfield>
          <controlfield tag="003">RISM</controlfield>
          <controlfield tag="005">20121108</controlfield>
          <controlfield tag="008">121108n||az|||||||##########||||||||||||</controlfield>
          <datafield tag="043" ind1=" " ind2=" ">
            <subfield code="c">Germany</subfield>
          </datafield>
          <datafield tag="110" ind1="2" ind2=" ">
            <subfield code="a">Musiksammlung der Grafen von Schönborn-Wiesentheid</subfield>
            <subfield code="c">Wiesentheid</subfield>
            <subfield code="g">D-WD</subfield>
          </datafield>
          <datafield tag="410" ind1="2" ind2=" ">
            <subfield code="a">Gräflich von Schönbornsche Musikbibliothek</subfield>
          </datafield>
          <datafield tag="622" ind1=" " ind2=" ">
            <subfield code="e">Musiksammlung der Grafen von, Schönborn-Wiesentheid, Hauptverwaltung, Schlossplatz 1,
              97353 Wiesentheid, Germany</subfield>
            <subfield code="u">http://www.schoenborn.de/kontakt.html</subfield>
          </datafield>
          <datafield tag="680" ind1="2" ind2=" ">
            <subfield code="i">Die Musikaliensammlung wurde von Rudolf Franz Erwein Graf von Schönborn
              begründet.</subfield>
          </datafield>
          <idzebra xmlns="http://www.indexdata.dk/zebra/">
            <size>581</size>
            <score>598</score>
            <localnumber>829346</localnumber>
            <filename>sigla/sigla.mrc</filename>
          </idzebra>
        </record>
      </zs:recordData>
      <zs:recordPosition>34</zs:recordPosition>
    </zs:record>