<zs:record>
      <zs:recordPacking>xml</zs:recordPacking>
      <zs:recordData>
        <record xmlns="http://www.loc.gov/MARC21/slim">
          <leader>00567nz a2200133 4500</leader>
          <controlfield tag="001">30001305</controlfield>
          <controlfield tag="003">RISM</controlfield>
          <controlfield tag="005">20121108</controlfield>
          <controlfield tag="008">121108n||az|||||||##########||||||||||||</controlfield>
          <datafield tag="043" ind1=" " ind2=" ">
            <subfield code="c">Germany</subfield>
          </datafield>
          <datafield tag="110" ind1="2" ind2=" ">
            <subfield code="a">Landeshauptarchiv Sachsen-Anhalt - Abteilung Magdeburg Standort Wernigerode</subfield>
            <subfield code="c">Wernigerode</subfield>
            <subfield code="g">D-WERa</subfield>
          </datafield>
          <datafield tag="410" ind1="2" ind2=" ">
            <subfield code="a">Staatsarchiv Magdeburg, Zweigstelle Wernigerode</subfield>
          </datafield>
          <datafield tag="622" ind1=" " ind2=" ">
            <subfield code="e">Landeshauptarchiv Sachsen-Anhalt -, Abteilung Magdeburg Standort, Wernigerode,
              Lindenallee 21, 38855 Wernigerode, Germany</subfield>
            <subfield code="u">http://www.sachsen-anhalt.de/index.php?id=32256</subfield>
          </datafield>
          <datafield tag="852" ind1="2" ind2=" ">
            <subfield code="b">51.8381491, 10.7903729</subfield>
          </datafield>
          <idzebra xmlns="http://www.indexdata.dk/zebra/">
            <size>567</size>
            <score>598</score>
            <localnumber>831201</localnumber>
            <filename>sigla/sigla.mrc</filename>
          </idzebra>
        </record>
      </zs:recordData>
      <zs:recordPosition>511</zs:recordPosition>
    </zs:record>