<zs:record>
      <zs:recordPacking>xml</zs:recordPacking>
      <zs:recordData>
        <record xmlns="http://www.loc.gov/MARC21/slim">
          <leader>00793nz a2200205 4500</leader>
          <controlfield tag="001">30000088</controlfield>
          <controlfield tag="003">RISM</controlfield>
          <controlfield tag="005">20121108</controlfield>
          <controlfield tag="008">121108n||az|||||||##########||||||||||||</controlfield>
          <datafield tag="043" ind1=" " ind2=" ">
            <subfield code="c">Germany</subfield>
          </datafield>
          <datafield tag="110" ind1="2" ind2=" ">
            <subfield code="a">Schuh- und Stadtmuseum Weißenfels (mit Heinrich-Schütz-Gedenkstätte)</subfield>
            <subfield code="c">Weißenfels</subfield>
            <subfield code="g">D-WF</subfield>
          </datafield>
          <datafield tag="410" ind1="2" ind2=" ">
            <subfield code="a">Städtisches Museum</subfield>
          </datafield>
          <datafield tag="410" ind1="2" ind2=" ">
            <subfield code="a">Heimatmuseum</subfield>
          </datafield>
          <datafield tag="622" ind1=" " ind2=" ">
            <subfield code="e">Schuh- und Stadtmuseum Weißenfels (mit, Heinrich-Schütz-Gedenkstätte), Zeitzer Straße 4,
              06667 Weißenfels, Germany</subfield>
          </datafield>
          <datafield tag="680" ind1="2" ind2=" ">
            <subfield code="i">Auch eigene Bestände. Leihgaben in D-BKÖs.</subfield>
          </datafield>
          <datafield tag="688" ind1="2" ind2=" ">
            <subfield code="a">Series B: WFm</subfield>
          </datafield>
          <datafield tag="670" ind1="2" ind2=" ">
            <subfield code="a">2</subfield>
          </datafield>
          <datafield tag="710" ind1="2" ind2=" ">
            <subfield code="a">Forschungs- und Gedenkstätte im Geburtshaus des Komponisten
              Heinrich-Schütz-Haus</subfield>
            <subfield code="0">30001092</subfield>
          </datafield>
          <datafield tag="710" ind1="2" ind2=" ">
            <subfield code="a">Heinrich-Schütz-Gedenkstätte, Bibliothek</subfield>
            <subfield code="0">30001310</subfield>
          </datafield>
          <datafield tag="852" ind1="2" ind2=" ">
            <subfield code="b">51.20027, 11.97619</subfield>
          </datafield>
          <idzebra xmlns="http://www.indexdata.dk/zebra/">
            <size>793</size>
            <localnumber>835789</localnumber>
            <filename>sigla/sigla.mrc</filename>
          </idzebra>
        </record>
      </zs:recordData>
      <zs:recordPosition>1414</zs:recordPosition>
    </zs:record>