<zs:record>
      <zs:recordPacking>xml</zs:recordPacking>
      <zs:recordData>
        <record xmlns="http://www.loc.gov/MARC21/slim">
          <leader>00448nz a2200121 4500</leader>
          <controlfield tag="001">30001310</controlfield>
          <controlfield tag="003">RISM</controlfield>
          <controlfield tag="005">20121108</controlfield>
          <controlfield tag="008">121108n||az|||||||##########||||||||||||</controlfield>
          <datafield tag="043" ind1=" " ind2=" ">
            <subfield code="c">Germany</subfield>
          </datafield>
          <datafield tag="110" ind1="2" ind2=" ">
            <subfield code="a">Heinrich-Schütz-Gedenkstätte, Bibliothek</subfield>
            <subfield code="c">Weißenfels</subfield>
            <subfield code="g">D-WFg</subfield>
          </datafield>
          <datafield tag="710" ind1="2" ind2=" ">
            <subfield code="a">Forschungs- und Gedenkstätte im Geburtshaus des Komponisten
              Heinrich-Schütz-Haus</subfield>
            <subfield code="0">30001092</subfield>
          </datafield>
          <datafield tag="710" ind1="2" ind2=" ">
            <subfield code="a">Schuh- und Stadtmuseum Weißenfels (mit Heinrich-Schütz-Gedenkstätte)</subfield>
            <subfield code="0">30000088</subfield>
          </datafield>
          <idzebra xmlns="http://www.indexdata.dk/zebra/">
            <size>448</size>
            <score>598</score>
            <localnumber>831205</localnumber>
            <filename>sigla/sigla.mrc</filename>
          </idzebra>
        </record>
      </zs:recordData>
      <zs:recordPosition>515</zs:recordPosition>
    </zs:record>