<zs:record>
      <zs:recordPacking>xml</zs:recordPacking>
      <zs:recordData>
        <record xmlns="http://www.loc.gov/MARC21/slim">
          <leader>00701nz a2200181 4500</leader>
          <controlfield tag="001">30000187</controlfield>
          <controlfield tag="003">RISM</controlfield>
          <controlfield tag="005">20121108</controlfield>
          <controlfield tag="008">121108n||az|||||||##########||||||||||||</controlfield>
          <datafield tag="043" ind1=" " ind2=" ">
            <subfield code="c">Germany</subfield>
          </datafield>
          <datafield tag="110" ind1="2" ind2=" ">
            <subfield code="a">Herzogin-Anna-Amalia-Bibliothek - Studienzentrum</subfield>
            <subfield code="c">Weimar</subfield>
            <subfield code="g">D-WRz</subfield>
          </datafield>
          <datafield tag="410" ind1="2" ind2=" ">
            <subfield code="a">Zentralbibliothek im Schloß</subfield>
          </datafield>
          <datafield tag="410" ind1="2" ind2=" ">
            <subfield code="a">Nationale Forschungs- und Gedenkstätten der Klassischen deutschen Literatur,
              Zentralbibliothek</subfield>
          </datafield>
          <datafield tag="410" ind1="2" ind2=" ">
            <subfield code="a">Zentralbibliothek der Deutschen Klassik</subfield>
          </datafield>
          <datafield tag="622" ind1=" " ind2=" ">
            <subfield code="e">Herzogin-Anna-Amalia-Bibliothek -, Studienzentrum, Platz der Demokratie 4, 99423 Weimar,
              Germany</subfield>
            <subfield code="u">http://www.klassik-stiftung.de</subfield>
          </datafield>
          <datafield tag="688" ind1="2" ind2=" ">
            <subfield code="a">Series B: WRzb; Series B: WRl</subfield>
          </datafield>
          <datafield tag="670" ind1="2" ind2=" ">
            <subfield code="a">246</subfield>
          </datafield>
          <datafield tag="852" ind1="2" ind2=" ">
            <subfield code="b">50.97939, 11.33135</subfield>
          </datafield>
          <idzebra xmlns="http://www.indexdata.dk/zebra/">
            <size>701</size>
            <score>598</score>
            <localnumber>831826</localnumber>
            <filename>sigla/sigla.mrc</filename>
          </idzebra>
        </record>
      </zs:recordData>
      <zs:recordPosition>626</zs:recordPosition>
    </zs:record>