<zs:record>
      <zs:recordPacking>xml</zs:recordPacking>
      <zs:recordData>
        <record xmlns="http://www.loc.gov/MARC21/slim">
          <leader>00442nz a2200121 4500</leader>
          <controlfield tag="001">30001061</controlfield>
          <controlfield tag="003">RISM</controlfield>
          <controlfield tag="005">20121108</controlfield>
          <controlfield tag="008">121108n||az|||||||##########||||||||||||</controlfield>
          <datafield tag="043" ind1=" " ind2=" ">
            <subfield code="c">Germany</subfield>
          </datafield>
          <datafield tag="110" ind1="2" ind2=" ">
            <subfield code="a">Julius-Maximilians-Universität, Universitätsbibliothek</subfield>
            <subfield code="c">Würzburg</subfield>
            <subfield code="g">D-WÜu</subfield>
          </datafield>
          <datafield tag="622" ind1=" " ind2=" ">
            <subfield code="e">Julius-Maximilians-Universität,, Universitätsbibliothek, Am Hubland, 97074 Würzburg,
              Germany</subfield>
            <subfield code="u">http://www.bibliothek.uni-wuerzburg.de</subfield>
          </datafield>
          <datafield tag="852" ind1="2" ind2=" ">
            <subfield code="b">49.794256, 9.927489</subfield>
          </datafield>
          <idzebra xmlns="http://www.indexdata.dk/zebra/">
            <size>442</size>
            <score>598</score>
            <localnumber>831594</localnumber>
            <filename>sigla/sigla.mrc</filename>
          </idzebra>
        </record>
      </zs:recordData>
      <zs:recordPosition>582</zs:recordPosition>
    </zs:record>