<zs:record>
      <zs:recordPacking>xml</zs:recordPacking>
      <zs:recordData>
        <record xmlns="http://www.loc.gov/MARC21/slim">
          <leader>00510nz a2200145 4500</leader>
          <controlfield tag="001">30000070</controlfield>
          <controlfield tag="003">RISM</controlfield>
          <controlfield tag="005">20121108</controlfield>
          <controlfield tag="008">121108n||az|||||||##########||||||||||||</controlfield>
          <datafield tag="043" ind1=" " ind2=" ">
            <subfield code="c">Germany</subfield>
          </datafield>
          <datafield tag="110" ind1="2" ind2=" ">
            <subfield code="a">Christian-Weise-Bibliothek Zittau - Stadt- und Kreisbibliothek</subfield>
            <subfield code="c">Zittau</subfield>
            <subfield code="g">D-ZI</subfield>
          </datafield>
          <datafield tag="622" ind1=" " ind2=" ">
            <subfield code="e">Christian-Weise-Bibliothek Zittau -, Stadt- und Kreisbibliothek, Neustadt 47, 02763
              Zittau, Germany</subfield>
            <subfield code="u">http://www.cwbz.de</subfield>
          </datafield>
          <datafield tag="688" ind1="2" ind2=" ">
            <subfield code="a">Series B: ZIw; Series B: ZIs; Series C: ZIs</subfield>
          </datafield>
          <datafield tag="670" ind1="2" ind2=" ">
            <subfield code="a">791</subfield>
          </datafield>
          <datafield tag="852" ind1="2" ind2=" ">
            <subfield code="b">50.8987768, 14.8093505</subfield>
          </datafield>
          <idzebra xmlns="http://www.indexdata.dk/zebra/">
            <size>510</size>
            <score>598</score>
            <localnumber>832602</localnumber>
            <filename>sigla/sigla.mrc</filename>
          </idzebra>
        </record>
      </zs:recordData>
      <zs:recordPosition>841</zs:recordPosition>
    </zs:record>