<zs:record>
      <zs:recordPacking>xml</zs:recordPacking>
      <zs:recordData>
        <record xmlns="http://www.loc.gov/MARC21/slim">
          <leader>00614nz a2200157 4500</leader>
          <controlfield tag="001">30001064</controlfield>
          <controlfield tag="003">RISM</controlfield>
          <controlfield tag="005">20121108</controlfield>
          <controlfield tag="008">121108n||az|||||||##########||||||||||||</controlfield>
          <datafield tag="043" ind1=" " ind2=" ">
            <subfield code="c">Germany</subfield>
          </datafield>
          <datafield tag="110" ind1="2" ind2=" ">
            <subfield code="a">Bibliotheca Bipontina, Wissenschaftliche Bibliothek am
              Herzog-Wolfgang-Gymnasium</subfield>
            <subfield code="c">Zweibrücken</subfield>
            <subfield code="g">D-ZW</subfield>
          </datafield>
          <datafield tag="410" ind1="2" ind2=" ">
            <subfield code="a">Bibliotheca Bipontina am Herzog-Wolfgang-Gymnasium</subfield>
          </datafield>
          <datafield tag="410" ind1="2" ind2=" ">
            <subfield code="a">Herzog-Wolfgang-Gymnasium</subfield>
          </datafield>
          <datafield tag="410" ind1="2" ind2=" ">
            <subfield code="a">Bibliotheca Bipontina</subfield>
          </datafield>
          <datafield tag="622" ind1=" " ind2=" ">
            <subfield code="e">Bibliotheca Bipontina,, Wissenschaftliche Bibliothek am Herzog, -Wolfgang-Gymnasium,
              Bleicherstraße 3, D-66482 Zweibrücken, (Pfalz)</subfield>
          </datafield>
          <datafield tag="852" ind1="2" ind2=" ">
            <subfield code="b">49.2504762, 7.3611896</subfield>
          </datafield>
          <idzebra xmlns="http://www.indexdata.dk/zebra/">
            <size>614</size>
            <localnumber>835566</localnumber>
            <filename>sigla/sigla.mrc</filename>
          </idzebra>
        </record>
      </zs:recordData>
      <zs:recordPosition>1370</zs:recordPosition>
    </zs:record>